5182 7396
1307 976 1355 1048 22

580 1177 673 1252 haec
703 1177 921 1276 iunguntur.
960 1179 1028 1252 sed
1054 1176 1173 1253 eludit
1199 1193 1316 1275 atque
1342 1174 1482 1250 euertit
1507 1172 1735 1248 defendendi
1762 1173 1962 1247 conamina
1987 1170 2079 1245 illud

580 1311 614 1374 le
638 1302 824 1397 procelbw
856 1303 961 1376 crede
996 1303 1117 1375 πείθοι’.
1156 1301 1425 1375 absurdissime
1450 1299 1594 1397 quippe
1619 1325 1664 1373 ac
1691 1298 1803 1398 plane
1829 1296 2024 1395 pueriliter
2049 1296 2080 1370 is

580 1426 644 1524 qui
670 1427 719 1500 de
743 1452 837 1500 saxo
862 1454 904 1502 se
930 1427 1155 1525 praecipitat
1182 1424 1369 1523 procellae
1394 1451 1436 1498 se
1462 1425 1617 1498 credere
1644 1424 1818 1522 fingitur,
1847 1439 1888 1496 ut
1912 1421 2081 1496 etanim-

580 1550 747 1625 aduertit
772 1569 875 1626 recto
902 1553 1038 1626 iudicio
1064 1567 1105 1626 et
1118 1551 1305 1648 copiosius
1328 1549 1498 1624 ostendit
1513 1548 1807 1646 Peerlkampius.
1835 1545 1964 1645 itaq'ue
1978 1547 2081 1644 quod

580 1676 743 1774 scriptor
776 1679 874 1751 bene
908 1704 1022 1752 sanus
1058 1677 1253 1774 scripsisse
1288 1675 1444 1749 omnino
1470 1674 1624 1772 nequit,
1657 1692 1747 1771 apte
1774 1697 1970 1748 remouere
1996 1696 2082 1745 con·

582 1802 703 1875 decet.
731 1802 818 1875 uide
842 1827 891 1876 an
919 1803 987 1875 tibi
1015 1801 1163 1899 plaeere
1191 1800 1311 1897 possit
1337 1800 1408 1873 hoc
1435 1825 1560 1872 meum
1587 1816 1863 1872 commentum:

1083 2027 1137 2086 age
1158 2017 1187 2068 te
1208 2007 1336 2084 procelle
1356 2006 1449 2066 corde
1470 2005 1576 2066 ueloci.

583 2221 688 2294 cuius
722 2221 897 2294 dictionis
930 2247 968 2294 se
994 2221 1198 2318 procellere
1234 2220 1306 2294 etsi
1342 2246 1458 2294 unum
1493 2221 1615 2294 habeo
1651 2217 1918 2316 proferendum
1944 2235 2082 2292 testem

584 2346 758 2420 Plautum
787 2345 931 2444 (militis
956 2345 1110 2444 gloriosi
1138 2373 1171 2418 u.
1202 2350 1269 2438 762
1300 2345 1383 2444 R),
1420 2362 1549 2418 tamen
1576 2343 1820 2430 uocabulum,
1855 2370 1931 2441 quo
1957 2343 2083 2440 aptius

584 2469 795 2568 meliusque
829 2469 921 2568 fingi
956 2471 1089 2568 nequit
1124 2471 1304 2568 quodque
1339 2468 1451 2568 plane
1489 2468 1591 2544 nulla
1616 2469 1826 2544 mutatione
1853 2469 2082 2554 restituitur,

584 2596 633 2668 ob
660 2593 761 2668 illam
787 2620 938 2669 causam
965 2595 1135 2669 damnari
1163 2621 1238 2669 non
1265 2596 1399 2680 debet,
1427 2595 1542 2668 immo
1560 2593 1745 2691 exemplis
1757 2594 2083 2669 adnumerandum

585 2735 643 2794 est
668 2745 692 2793 a
718 2720 1030 2816 Zangemeistero
1055 2719 1221 2794 collectis
1247 2719 1564 2818 disceptamque,
1591 2719 1728 2817 quibus
1756 2717 1956 2792 Horatium
1983 2718 2084 2792 haud

586 2870 706 2942 pauca
746 2845 863 2918 uerba
901 2870 977 2918 non
1017 2844 1162 2943 uulgari
1202 2872 1273 2919 usu
1311 2845 1401 2918 trita
1436 2844 1625 2942 recepisse
1659 2859 1699 2917 et
1733 2842 1811 2916 fere
1836 2842 1958 2915 solum
1985 2869 2085 2918 nunc

586 2968 769 3066 praebere
816 2969 1000 3042 uidemus.
1060 2970 1167 3043 corde
1211 2987 1340 3044 autem
1387 2969 1501 3043 ueloci
1544 2969 1612 3067 (sic
1648 2978 1802 3042 mentem
1837 2985 1877 3041 et
1913 2969 2084 3042 am'mum

586 3118 739 3191 quoque
774 3093 936 3168 Romani
971 3094 1149 3168 dicebant
1185 3095 1353 3192 uehcem)
1390 3093 1563 3190 apprime
1596 3093 1633 3166 in
1660 3118 1739 3166 rem
1764 3092 1872 3168 facit:
1900 3119 1987 3168 nam
2015 3095 2086 3168 hoc

586 3217 667 3315 agit
705 3234 745 3291 et
782 3218 820 3290 in
855 3218 926 3292 hoc
960 3219 1157 3292 suadendo
1193 3233 1296 3292 totus
1330 3236 1390 3292 est
1421 3234 1532 3315 pater
1558 3233 1599 3290 ut
1625 3216 1748 3291 missis
1774 3218 1888 3296 moris
1913 3218 2087 3292 celeriter

586 3359 678 3417 nata
703 3344 817 3416 corde
842 3359 1017 3440 capessat
1043 3342 1238 3417 consilium
1265 3343 1460 3416 moriendi.

662 3467 789 3541 Finita
815 3467 993 3565 Europae
1018 3468 1190 3542 oratione
1216 3494 1265 3541 en
1290 3468 1430 3542 adsunt
1444 3468 1577 3542 Venus
1596 3467 1826 3542 concitatum
1841 3468 1937 3543 illius
1951 3486 2085 3568 pectus

587 3592 768 3690 mitigans
802 3609 843 3666 et
879 3592 1030 3689 Cupido
1065 3593 1179 3667 missa
1212 3592 1354 3690 sagitta
1387 3592 1487 3666 idem
1522 3593 1641 3667 amori
1676 3591 1882 3668 emolliens.
1912 3593 2086 3668 friuolum

589 3731 650 3790 est
674 3742 760 3791 cum
787 3716 1049 3816 Peerlkampio
1076 3743 1278 3816 quaerere,
1305 3719 1459 3816 quando
1484 3717 1684 3791 aduenerit
1710 3717 1854 3816 Cypria
1867 3745 1951 3792 cum
1966 3746 2086 3817 puero

587 3835 676 3916 suo:
715 3843 849 3917 adesse
887 3868 970 3917 eam
1007 3843 1155 3940 puellae
1190 3844 1339 3918 iamiam
1377 3869 1529 3918 manum
1566 3844 1636 3917 sibi
1664 3843 1910 3942 impositurae
1935 3845 2084 3922 sufficit.

587 3983 790 4040 uenturum
814 3984 943 4042 autem
968 3983 1176 4042 amatorem
1203 3969 1382 4043 nuntians
1407 3970 1480 4043 dea
1509 3969 1632 4067 inquit
1664 3970 1780 4044 haece
1800 3970 1877 4068 (uu.
1904 3975 2084 4070 73—76):

1049 4173 1134 4233 Uxor
1153 4172 1257 4233 inuicti
1272 4171 1361 4234 ¹Iouis
1382 4193 1444 4234 esse
1464 4173 1573 4234 nescis!

1048 4269 1136 4331 Mitte
1155 4269 1298 4349 singultus
1304 4293 1313 4346 3
1334 4271 1410 4333 bene
1430 4271 1503 4332 ferre
1523 4291 1661 4350 magnam

1048 4368 1138 4430 Disce
1157 4369 1321 4430 fortunam:
1344 4379 1395 4429 tua
1415 4381 1511 4430 sectus
1531 4369 1614 4431 orbis

1212 4467 1344 4527 Nomina
1363 4468 1462 4528 ducet.

589 4677 626 4751 in
656 4678 714 4751 his
740 4678 876 4752 iterum
902 4695 1030 4753 cetera
1055 4679 1208 4777 quidem
1235 4705 1258 4753 a
1284 4679 1390 4754 uanis
1404 4679 1681 4778 suspicionibus
1694 4697 1797 4754 recte
1809 4697 1899 4755 sunt
1911 4682 2086 4770 defensa,

589 4803 658 4875 sed
693 4804 810 4876 uerba
844 4801 976 4877 ultima
1011 4804 1216 4877 sustentari
1244 4821 1450 4901 nequeunt.
1479 4830 1566 4878 nam
1590 4815 1707 4878 seclus
1731 4805 1831 4878 orbis
1857 4833 1933 4879 non
1960 4824 2088 4904 potest

589 4952 675 5001 esse
700 4926 795 5001 alius
820 4953 934 5026 quam
962 4943 1065 5002 totus
1090 4928 1192 5002 orbis
1219 4929 1256 5001 in
1284 4946 1411 5025 partes
1438 4929 1605 5016 diuisus,
1633 4955 1708 5003 non
1735 4947 1794 5004 est
1817 4956 1892 5005 una
1905 4957 1953 5005 ex
1967 4933 2087 5006 tribus

590 5052 771 5149 partibus.
812 5052 955 5150 quippe
988 5053 1211 5127 Schuetzius
1245 5052 1403 5151 aliique,
1441 5055 1506 5152 qui
1532 5071 1677 5128 sectum
1703 5056 1834 5128 orbem
1860 5055 2089 5154 intellegunt

589 5177 797 5250 sectionem
835 5177 916 5251 siue
955 5195 1102 5275 partem
1139 5177 1260 5264 orbis,
1299 5177 1573 5252 obliuiscuntur
1608 5179 1807 5277 participio
1842 5180 1904 5253 illo
1936 5207 2089 5279 semper

589 5301 792 5399 significari
830 5319 958 5376 actum
997 5302 1070 5389 rei,
1110 5328 1186 5376 non
1226 5303 1263 5375 id
1301 5304 1405 5401 quod
1443 5303 1530 5377 inde
1569 5303 1731 5378 efficitur
1771 5305 1879 5400 (noto
1912 5306 2088 5403 exemplo

591 5425 715 5500 Taciti
740 5451 827 5500 aun.
855 5427 869 5499 l
896 5429 918 5499 8
944 5428 1081 5501 occisus
1110 5427 1263 5514 Caesar,
1290 5427 1312 5501 i.
1332 5453 1364 5502 e.
1393 5428 1430 5500 id
1456 5430 1559 5526 quod
1585 5429 1729 5503 Caesar
1754 5429 1973 5504 interfectus
1987 5448 2087 5518 erat,

591 5551 675 5647 ipsa
699 5550 894 5624 occidendi
918 5551 1068 5625 actione
1095 5552 1259 5650 notata);
1288 5552 1389 5626 unde
1414 5563 1530 5626 seclus
1556 5555 1656 5627 orbis
1681 5554 1735 5629 ita
1760 5571 1820 5628 est
1844 5555 1962 5628 sectio
1987 5556 2089 5628 orbis

593 5690 635 5746 ut
668 5675 821 5748 secandi
855 5700 952 5772 opus
990 5677 1222 5774 designetur.
1264 5677 1338 5750 iam
1374 5678 1516 5750 nudum
1553 5677 1776 5752 uocabulum
1810 5679 1910 5752 orbis
1934 5680 2024 5778 quia
2049 5697 2090 5755 et

593 5813 717 5872 totum
755 5815 794 5872 et
828 5799 946 5874 totius
980 5816 1127 5898 partem
1161 5801 1360 5898 exprimit,
1398 5812 1516 5875 sectus
1551 5803 1709 5877 uerbum
1743 5803 1878 5876 cedere
1912 5805 2029 5878 debet
2054 5806 2088 5880 ei

570 5947 669 6020 quo
695 5939 826 5998 noster
849 5925 951 5999 orbis
976 5950 1000 5999 a
1025 5925 1173 5999 duobus
1199 5923 1353 6023 reliquis
1379 5925 1474 6000 Asia
1499 5925 1706 6025 Africaque
1731 5943 1966 6024 segregetur.
1995 5947 2089 6028 puto
