5182 7396
1364 995 1385 1062 8

1076 1196 1134 1254 Vix
1153 1194 1281 1254 Martem
1302 1190 1403 1252 tunica
1422 1201 1535 1253 tectum
1556 1191 1746 1254 adamantina

1067 1289 1165 1368 Digne
1185 1289 1332 1368 scripserit
1351 1300 1402 1349 aut
1423 1291 1544 1367 puluere
1566 1288 1678 1352 Troico

1067 1387 1193 1466 Nigrum
1214 1387 1370 1449 Merionen
1391 1397 1442 1448 aut
1462 1407 1520 1466 ope
1541 1387 1668 1448 Palladis

1147 1485 1287 1564 Tydiden
1307 1485 1418 1564 superis
1439 1505 1548 1564 parem.

625 1674 908 1748 demonstratur
954 1673 1071 1772 igitur
1114 1673 1259 1747 adscita
1303 1673 1479 1770 asyndeti
1528 1672 1745 1772 explicatiui
1789 1673 1892 1771 quod
1929 1672 2124 1772 appellant

625 1799 862 1896 grammatici
889 1798 1026 1885 forma,
1054 1826 1120 1872 cur
1144 1800 1257 1874 Musa
1283 1815 1407 1872 uetet:
1435 1797 1527 1897 quid
1552 1798 1654 1871 enim
1682 1815 1836 1872 tenerae
1863 1796 1913 1870 illi
1940 1823 2024 1871 esse
2038 1823 2124 1871 cum

626 1925 721 1998 duro
758 1923 975 2021 inmanique
1009 1922 1096 1997 belli
1132 1924 1224 2009 den,
1264 1923 1355 2022 quid
1385 1948 1470 1997 cum
1497 1923 1586 1996 uiris
1613 1923 1772 1997 fortibus
1799 1923 1837 1996 in
1864 1948 1995 2021 pugna
2019 1923 2125 1996 dimi-

626 2047 826 2123 cantibus?
866 2047 957 2121 nihil
997 2048 1034 2120 in
1073 2047 1131 2121 his
1169 2048 1359 2144 superflue
1399 2047 1604 2144 repetitum
1643 2064 1721 2134 est,
1760 2064 1802 2121 ut
1842 2048 2029 2146 persuasit
2053 2047 2124 2120 sibi

628 2171 921 2269 Peerlkampius.
958 2198 1045 2246 nam
1080 2189 1194 2246 antea
1228 2189 1343 2271 poeta
1377 2172 1415 2244 in
1452 2172 1668 2250 uniuersum
1694 2172 1854 2270 grandia
1878 2189 2123 2270 argumenta,

627 2295 785 2371 Achillis
813 2295 934 2370 Ulixis
962 2296 1110 2394 Pelopis
1136 2295 1300 2382 fabulas,
1329 2296 1519 2370 recusauit
1528 2325 1536 2383 ;
1564 2322 1665 2370 nunc
1679 2313 1721 2369 ut
1735 2296 1868 2369 horum
1882 2296 2124 2372 difficultates

626 2422 681 2495 ita
718 2446 870 2494 suarum
910 2421 1045 2493 uirium
1081 2421 1339 2494 infirmitatem
1365 2419 1584 2517 singillatim
1612 2419 1788 2519 exempla
1813 2421 2042 2519 proferendo
2067 2448 2125 2494 os·

627 2545 750 2620 tendit
790 2544 848 2644 (ut
883 2544 1070 2618 simillime
1094 2562 1164 2619 sat.
1193 2547 1225 2618 ll
1256 2569 1293 2632 1,
1326 2569 1366 2620 12
1394 2545 1506 2644 sqq).
1544 2545 1593 2618 ad
1621 2570 1752 2619 uocem
1779 2547 1869 2633 uix,
1896 2571 1996 2644 quae
2020 2547 2123 2645 apud

627 2687 761 2768 poetas
796 2669 874 2744 fere
900 2695 974 2742 non
999 2686 1157 2767 aequat,
1192 2669 1236 2743 cs.
1263 2696 1321 2743 ex.
1348 2696 1404 2768 gr.
1433 2671 1493 2744 od.
1522 2672 1536 2743 l
1568 2695 1629 2762 14,
1659 2691 1678 2762 7
1705 2670 1778 2743 uix
1802 2671 1948 2744 durare
1971 2672 2123 2744 carinae

621 2796 770 2896 possint
790 2793 1029 2892 imperiosius
1051 2819 1200 2891 aequor.

701 3154 774 3228 Od.
803 3154 816 3225 l
849 3175 911 3246 17,
941 3177 1103 3244 21—24:

1068 3330 1129 3390 Hic
1150 3329 1316 3391 innocentis
1335 3331 1444 3408 pocula
1465 3329 1563 3392 Lesbii

1069 3429 1168 3489 Duces
1188 3429 1245 3489 sub
1265 3428 1386 3503 umbra,
1408 3447 1463 3488 nec
1484 3427 1643 3490 Semeleius

1108 3525 1186 3586 Cum
1207 3527 1304 3586 Marte
1324 3527 1486 3587 conhmdet
1508 3527 1670 3604 Thyoneus

1147 3623 1278 3699 Proelia,
1300 3643 1355 3684 nec
1376 3632 1488 3686 metues
1508 3633 1679 3702 proteruurn
1699 3643 1760 3702 eqs.

626 3813 791 3910 Thyone
824 3811 1004 3911 quoniam
1035 3812 1170 3886 eadem
1195 3828 1255 3886 est
1280 3837 1364 3884 cum
1390 3810 1561 3898 Semele,
1588 3811 1646 3885 bis
1671 3809 1928 3909 appellatione
1953 3839 1976 3886 a
2002 3829 2123 3887 matre

625 3953 780 4035 sumpta
818 3937 987 4011 Bacchus
1026 3937 1154 4011 utitur.
1195 3935 1316 4035 qualis
1353 3935 1514 4034 duplicis
1553 3937 1815 4034 metronymici
1841 3936 2058 4035 exemplum
2084 3939 2122 4012 in

627 4061 763 4135 litteris
797 4061 964 4159 antiquis
994 4086 1071 4134 non
1097 4063 1294 4159 reperitur.
1323 4061 1424 4135 unde
1451 4061 1531 4134 iure
1556 4086 1626 4135 suo
1652 4060 1852 4136 Hanouius
1877 4089 1970 4136 mus.
1999 4063 2121 4136 Rhen.

627 4185 699 4260 nol.
728 4185 823 4260 XlV
851 4212 887 4283 p.
917 4209 987 4279 314
1026 4185 1116 4258 illud
1154 4185 1352 4258 Senzoleius
1390 4185 1428 4258 in
1467 4186 1606 4259 mendo
1644 4187 1782 4261 cubare
1808 4185 1913 4260 dixit.
1953 4187 2124 4261 eiusdem

627 4337 719 4385 uero
756 4311 1012 4384 coniecturam
1050 4311 1169 4383 simul
1189 4311 1343 4384 Euhius
1379 4312 1429 4384 ob
1468 4311 1581 4384 inane
1619 4337 1772 4409 prorsus
1805 4311 1977 4385 additum
2010 4312 2130 4385 simul

627 4453 729 4510 recte
755 4461 839 4509 cum
866 4435 948 4510 aliis
974 4435 1192 4532 inprobauit
1218 4435 1410 4509 Robertus
1438 4435 1637 4533 Ungerus‚
1677 4436 1735 4509 uir
1760 4436 2018 4523 doctissimus,
2042 4437 2124 4535 ipse

626 4577 666 4635 et
691 4560 892 4635 audaciore
917 4576 957 4634 et
982 4559 1186 4634 infeliciore
1212 4561 1462 4657 temptamine
1488 4558 1624 4634 ludens
1636 4561 1800 4634 stonulis
1812 4561 1905 4634 huis
1920 4561 2122 4660 (Emendd.

627 4684 761 4760 Horat.
791 4712 826 4783 p.
856 4685 930 4784 36).
958 4700 999 4758 tu
1026 4685 1173 4758 duabus
1199 4682 1375 4758 litterulis
1399 4684 1557 4758 adiectis
1584 4685 1766 4760 rescribas
1794 4711 1955 4783 quaeso:

1067 4883 1124 4924 nec
1144 4865 1234 4925 semel
1254 4863 1355 4925 ebrius
1374 4899 1416 4910 —
1436 4865 1615 4942 Thyoneus,

627 5049 674 5100 ex
702 5040 793 5098 noto
819 5025 922 5099 uocis
947 5025 1060 5098 semol
1082 5051 1170 5111 usu,
1197 5049 1296 5122 quae
1321 5024 1418 5098 adici
1438 5024 1538 5099 solet
1550 5025 1598 5098 ad
1613 4999 1906 5123 significandum
1916 5025 1969 5098 rei
1982 5041 2125 5099 statum

626 5165 773 5223 certum
800 5166 840 5223 et
866 5148 1169 5224 inreuocabilem.
1196 5175 1244 5223 ex
1271 5174 1411 5247 magna
1429 5147 1691 5247 exemplorum
1706 5149 2002 5223 Horatianorum
2017 5151 2127 5248 copia

625 5275 821 5371 adponere
857 5275 996 5349 sufficit
1020 5291 1091 5349 sat.
1120 5275 1151 5347 ll
1183 5299 1221 5362 1,
1250 5299 1296 5366 24
1320 5284 1366 5347 ut
1389 5275 1504 5348 senael
1521 5274 1590 5348 icto
1616 5274 1766 5348 occessit
1779 5273 1925 5375 feruor
1948 5275 2063 5370 copiti
2086 5291 2126 5349 et

627 5399 738 5496 epod.
772 5420 833 5494 15,
866 5419 906 5494 15
934 5425 998 5473 noc
1021 5399 1136 5472 seoul
1155 5399 1289 5498 offm'
1309 5398 1407 5472 cedet
1430 5399 1637 5473 constantia
1654 5397 1820 5499 formae.
1865 5399 1972 5473 audit
1997 5415 2127 5473 autem

628 5522 797 5596 Bacchus
834 5523 977 5610 ebrius,
1018 5539 1060 5596 ut
1098 5521 1212 5621 plane
1249 5523 1423 5597 similiter
1456 5524 1619 5597 modr'cus
1644 5524 1704 5597 od.
1733 5525 1747 5596 l
1778 5525 1839 5610 18,
1870 5543 1890 5618 7
1916 5540 1956 5597 et
1980 5524 2127 5597 inuere-

626 5648 772 5722 cundus
796 5648 907 5745 epod.
940 5671 1002 5734 rr,
1034 5670 1087 5741 13.
