5182 7396
1241 1027 1285 1098 13

509 1226 631 1298 minus
665 1243 826 1322 apparet
859 1251 906 1299 eo
941 1225 1084 1300 facilius
1117 1228 1234 1301 errari
1261 1228 1453 1324 potuisse,
1488 1253 1565 1323 quo
1601 1227 1818 1300 similiorem
1845 1253 1919 1299 uox
1945 1253 2009 1324 ge-

509 1349 624 1422 nuina
671 1349 837 1446 speciem
887 1352 1098 1446 praeberet.
1152 1352 1281 1448 itaque
1329 1351 1594 1425 Lachmannus
1638 1377 1778 1446 magno
1817 1351 2008 1425 molimine

507 1474 676 1547 scribens
700 1474 874 1547 substitio
901 1476 1122 1574 magmltqus
1145 1475 1367 1572 ekphontz's,
1382 1500 1612 1573 quamquam
1632 1475 1738 1549 dedit
1751 1501 1849 1574 quae
1868 1477 2007 1549 iustum

508 1599 652 1672 babent
678 1597 931 1686 intellectum,
957 1601 1006 1673 ab
1033 1599 1096 1674 illa
1122 1617 1249 1674 tamen
1276 1617 1386 1697 parte
1412 1625 1568 1696 operam
1582 1599 1688 1686 lusit;
1717 1601 1856 1674 Munro
1878 1617 2007 1674 autem

508 1724 605 1797 hanc
639 1721 788 1820 culpam
825 1724 1012 1797 uitaturus
1047 1750 1131 1797 cum
1166 1725 1356 1797 coniceret
1386 1725 1560 1798 subselliis
1585 1726 1735 1824 magnis
1759 1736 1797 1798 ct
1817 1751 1919 1799 ecum
1947 1727 2006 1812 uz',

492 1848 635 1924 inania
670 1848 787 1920 uerba
822 1847 959 1944 posuit.
996 1849 1087 1946 quid
1121 1848 1249 1921 enim?
1289 1848 1371 1945 ipsa
1405 1846 1597 1945 legionum
1630 1850 1797 1922 subsidia
1823 1876 1906 1923 cum
1933 1850 2008 1923 iam

508 1972 729 2045 contineant
763 1972 933 2068 equites,
973 1997 1100 2045 nonne
1126 1971 1310 2045 inutiliter
1333 1973 1495 2046 adicitur
1520 1973 1609 2046 illud
1634 1984 1671 2046 el
1692 1999 1793 2047 ecum
1821 1973 1886 2046 ui?
1914 1991 2007 2071 puto

508 2121 600 2192 eg0‚
630 2096 793 2169 Lucretii
819 2121 904 2169 esse
931 2097 1030 2169 hunc
1057 2121 1228 2170 uersum:

942 2272 1085 2335 Subsidiis
1105 2275 1220 2350 magnis
1239 2295 1344 2335 secure
1363 2275 1575 2337 constabilitas.

507 2433 685 2506 dicuntur
718 2432 888 2530 legiones
923 2434 976 2506 ita
1010 2435 1262 2507 subsidiorum
1298 2435 1416 2531 copiis
1449 2436 1689 2508 abundantes
1725 2453 1766 2508 ut
1802 2437 1839 2510 in
1874 2462 2006 2510 omnes

508 2556 594 2630 belli
621 2583 730 2631 casus
757 2575 863 2630 tutae
889 2583 1120 2656 securaeque
1147 2559 1233 2631 sint.

582 3085 719 3159 Nobile
752 3087 800 3159 de
837 3085 958 3159 lamae
992 3085 1213 3184 gloriaeque
1247 3111 1337 3158 suae
1371 3086 1600 3159 aeternitate
1634 3085 1871 3173 uaticinium,
1903 3087 2005 3184 quod

506 3229 613 3285 extat
638 3211 698 3283 od.
727 3211 757 3283 ll
787 3233 851 3296 20,
878 3211 927 3283 ab
954 3211 1056 3283 hisce
1083 3210 1265 3283 Horatius
1292 3210 1418 3283 uerbis
1445 3210 1592 3282 initium
1618 3235 1768 3283 sumere
1796 3209 1934 3283 uoluit:

948 3389 1019 3449 Non
1040 3388 1146 3449 usitata
1166 3408 1222 3449 nec
1242 3387 1323 3449 tenui
1346 3389 1419 3448 ferar

946 3488 1050 3547 Penna
1068 3485 1201 3548 biformis
1221 3506 1274 3564 per
1294 3485 1440 3564 liquidum
1461 3487 1578 3547 aethera

986 3586 1091 3659 Vates,
1113 3603 1210 3662 neque
1231 3583 1262 3644 ln
1282 3583 1365 3645 terris
1385 3586 1524 3645 morabor

1027 3682 1174 3761 Longius,
1196 3681 1368 3761 inuidiaque
1389 3681 1484 3744 maior

947 3781 1043 3840 Urbes
1063 3779 1238 3858 relinquam.
1259 3799 1321 3841 non
1342 3800 1398 3859 ego
1418 3799 1582 3857 pauperum

945 3876 1069 3956 Sanguis
1089 3889 1262 3955 parentum,
1283 3897 1345 3939 non
1366 3896 1422 3956 ego
1443 3896 1531 3955 quem
1553 3895 1659 3950 uocas,

986 3975 1103 4037 Dilecte
1122 3977 1296 4051 Maecenas,
1318 3975 1411 4037 obibo

1026 4076 1091 4134 Nec
1111 4074 1212 4152 Stygia
1232 4073 1395 4135 cohibebor
1416 4073 1504 4133 unda.

504 4253 706 4332 postquam
741 4234 886 4318 omnia,
922 4251 961 4306 et
999 4234 1098 4308 inter
1129 4260 1174 4307 ea
1200 4233 1436 4331 ineptissima
1462 4231 1599 4318 multa,
1627 4248 1814 4328 temptata
1839 4251 1928 4308 sunt
1953 4236 2002 4308 ad

503 4360 727 4456 explicanda
761 4360 878 4431 uerba
910 4384 1018 4455 quem
1052 4385 1180 4444 uocas,
1219 4359 1332 4432 hodie
1367 4359 1465 4430 inter
1500 4357 1642 4453 peritos
1676 4357 1753 4430 fere
1778 4376 1928 4432 constat
1954 4360 2002 4433 de

503 4511 634 4558 eorum
672 4483 956 4580 deprauatione.
1006 4509 1237 4580 quamquam
1284 4483 1383 4555 inter
1420 4481 1655 4554 coniecturas
1695 4482 1861 4578 prolatas
1900 4483 2002 4558 nulla

504 4611 683 4692 habetur,
719 4633 833 4706 quam
859 4606 1037 4681 lubenter
1060 4606 1310 4704 amplectaris,
1352 4632 1440 4679 nam
1467 4605 1526 4678 uel
1554 4623 1809 4679 commentum
1838 4608 2000 4682 Bentlei-

502 4761 616 4809 anum
651 4759 725 4806 non
757 4759 824 4832 ego
849 4742 1068 4829 pauperum
1102 4734 1263 4832 sanguis
1286 4742 1515 4829 parentum,
1547 4757 1620 4804 non
1643 4757 1711 4830 ego
1734 4758 1842 4829 quem
1868 4746 2004 4808 uocant

502 4861 551 4933 ob
587 4859 791 4956 repetitum
828 4855 1025 4942 salsissime
1060 4856 1150 4930 illud
1185 4884 1260 4931 non
1294 4884 1360 4957 ego
1386 4857 1521 4930 merito
1547 4855 1737 4954 displicuit
1764 4857 1853 4930 uiris
1879 4859 2000 4933 doctis

504 4983 716 5084 (Kellerum
751 4981 846 5054 mira
881 4980 1099 5056 infelicitate
1134 4981 1253 5056 multa
1286 4982 1497 5056 certissima
1532 4981 1679 5056 Bentlei
1715 4983 1872 5057 inuenta
1897 5009 1999 5080 sper·

502 5127 676 5195 nentem,
716 5107 786 5180 hoc
836 5106 1025 5179 abiectum
1072 5105 1264 5180 fouentem
1304 5108 1442 5206 mitto).
1505 5133 1629 5205 neque
1668 5133 1741 5205 ego
1779 5108 1870 5206 quid
1909 5133 1999 5181 uere

499 5233 692 5332 scripserit
730 5247 862 5305 auctor
892 5231 969 5304 scio
993 5275 1043 5285 —
1069 5257 1175 5317 nam,
1204 5249 1245 5305 ut
1272 5233 1462 5306 interdum
1488 5233 1627 5306 lactum
1654 5249 1731 5318 est,
1762 5233 1998 5330 grammatici

500 5360 627 5432 omnia
668 5357 877 5454 genuinum
917 5357 1129 5453 reperiendi
1170 5357 1332 5454 uestigia
1370 5356 1594 5430 deleuerunt
1631 5401 1700 5442 —,
1751 5359 1819 5430 sed
1858 5382 1998 5455 operae

499 5483 663 5581 pretium
690 5483 787 5555 duco
814 5481 981 5554 indicare
1007 5481 1098 5578 quid
1124 5481 1202 5554 sere
1228 5483 1392 5556 scribere
1418 5481 1594 5555 debuerit
1620 5481 1740 5555 idem:
1768 5482 1806 5555 id
1833 5482 1995 5580 quippe,

498 5633 728 5705 quamquam
762 5607 885 5680 adhuc
920 5605 1048 5692 latuit,
1085 5623 1190 5679 certo
1221 5607 1472 5680 demonstrari
1511 5623 1649 5703 potest.
1689 5607 1792 5705 quod
1821 5607 1922 5680 enim
1948 5608 1997 5680 ad

498 5731 568 5806 loci
603 5733 742 5806 attinet
776 5732 1027 5818 sententiam,
1062 5730 1251 5805 dubitatio
1287 5757 1362 5804 non
1400 5747 1459 5804 est
1489 5731 1580 5828 quin
1612 5729 1863 5804 humilitatem
1889 5757 1995 5806 suam

498 5858 674 5954 designet
701 5857 875 5944 Flaccus;
903 5857 1223 5955 quemadmodum
1249 5857 1345 5929 dixit
1371 5857 1420 5929 Ill
1449 5879 1514 5949 30,
1546 5878 1590 5928 10
1614 5881 1696 5954 sqq.
1723 5856 1829 5928 dicar
1844 5914 1851 5928 .
1869 5915 1876 5928 .
1892 5914 1923 5929 ..
1946 5881 1997 5928 ex

410 6049 416 6064 ,
497 5981 634 6054 humili
657 5991 791 6078 potens
808 5982 987 6078 princeps
1012 5981 1186 6054 Aeolium
1220 6006 1371 6054 carmen
1404 5981 1458 6053 ad
1483 5981 1602 6054 Italos
1638 5980 1835 6054 deduxisse
1860 5979 1993 6053 modos.
