5182 7396
694 2106 698 2113 ⁸
757 1847 1165 2035 ruououus
1206 1901 1725 2038 uourululu

1175 2238 1312 2282 somr’sn·

1000 2495 1212 2572 AEMILIUS
1244 2495 1486 2572 BAEHRANS.

570 3160 612 3232 ln
646 3157 813 3242 carmine
847 3157 968 3255 primo
1003 3155 1185 3230 Horatius
1220 3155 1371 3229 diuersa
1408 3154 1623 3229 mortalium
1657 3154 1784 3228 studia
1818 3180 1886 3252 per
1919 3155 1992 3228 tria

497 3284 661 3358 maxime
699 3282 894 3355 hominum
931 3305 1075 3380 genera
1110 3281 1359 3378 persequitur.
1401 3295 1603 3378 postquam
1638 3279 1739 3353 enim
1773 3306 1834 3352 uu.
1872 3302 1993 3374 3-10

498 3406 643 3482 nobiles
678 3408 872 3481 Romanos
897 3423 964 3479 aut
989 3406 1092 3479 omni
1118 3431 1235 3504 opere
1259 3405 1476 3479 adnitentes
1503 3420 1544 3478 ut
1571 3405 1608 3477 in
1634 3403 1732 3478 ludis
1758 3403 1992 3502 Olympiacis

498 3532 694 3606 uictoriam
729 3547 926 3630 reportent
959 3548 1026 3604 aut
1051 3531 1237 3604 honorum
1263 3529 1420 3628 cupidos
1446 3545 1513 3604 aut
1537 3528 1689 3603 diuitias
1714 3529 1753 3602 in
1779 3529 1992 3603 inmensum

498 3656 734 3731 cumulantes
768 3656 987 3754 descripsit,
1022 3656 1095 3730 iam
1132 3655 1251 3729 altera
1276 3654 1536 3753 exemplorum
1560 3654 1659 3728 serie
1684 3680 1745 3728 uu.
1777 3656 1917 3727 11-18
1943 3654 1992 3728 ad

499 3781 733 3880 plebeculam
759 3780 926 3855 Italicam
952 3780 1186 3854 descendens
1212 3779 1387 3877 depingit
1412 3779 1575 3876 negotiis
1600 3778 1678 3852 suis
1703 3777 1871 3853 intentos
1896 3777 1994 3876 agri-

498 3906 619 3980 colam
654 3921 694 3980 et
719 3922 987 3990 mercatorem,
1022 3904 1188 4001 denique
1215 3903 1327 3977 tertio
1353 3903 1485 3977 ordine
1511 3930 1572 3976 uu.
1605 3905 1745 3996 19—28
1772 3928 1838 3976 eos
1863 3903 1993 3977 adum·

498 4033 584 4106 brat
609 4030 673 4128 qui
699 4030 821 4104 solum
845 4029 917 4103 sibi
945 4028 1280 4126 uoluptatibusque
1306 4028 1383 4100 suis
1408 4028 1552 4101 uiuunt.
1577 4028 1702 4102 media
1714 4043 1843 4103 autem
1856 4028 1992 4114 series,

499 4157 548 4230 de
573 4181 649 4254 qua
673 4181 757 4229 sum
783 4155 1063 4252 disputaturus,
1090 4168 1150 4226 est
1175 4153 1309 4226 haece:

899 4332 1087 4392 Gaudentem
1108 4330 1218 4408 patrios
1239 4331 1349 4391 findere
1370 4332 1484 4392 sarculo

898 4432 995 4508 Agros
1014 4428 1151 4489 Attalicis
1170 4427 1398 4490 condicionibus

900 4528 1073 4604 Numquam
1093 4528 1267 4602 demoueas,
1289 4539 1321 4586 ut
1341 4527 1423 4587 trabe
1443 4525 1553 4604 Cupria
1568 4525 1590 4607 ¹)

900 4627 1053 4702 Myrtoum
1072 4624 1198 4702 pauidus
1218 4635 1308 4686 nauta
1327 4634 1406 4685 secet
1426 4643 1515 4685 mare.

900 4725 1076 4784 Luctantem
1098 4721 1199 4783 Icariis
1219 4721 1356 4783 fluctibus
1376 4721 1508 4781 Africum

900 4821 1048 4882 Mercator
1069 4831 1203 4882 metuens
1222 4819 1316 4882 otium
1337 4831 1367 4881 et
1387 4819 1491 4897 oppidi

902 4919 1018 4979 Laudat
1038 4939 1104 4978 rura
1124 4918 1184 4992 sui;
1206 4939 1277 4980 mox
1297 4918 1390 4979 reficit
1410 4929 1486 4978 rates

902 5016 1045 5092 Quassas,
1066 5015 1203 5078 indocilis
1223 5015 1394 5094 pauperiem
1414 5015 1486 5093 pati.

565 5225 587 5304 ¹)
608 5221 725 5301 reposui
751 5222 870 5299 Capria
892 5221 967 5281 duoe
987 5221 1104 5298 optimo
1125 5220 1327 5299 Porphyrione
1347 5220 1519 5296 scholiasta,
1541 5219 1625 5280 cuius
1645 5220 1676 5280 in
1696 5219 1801 5282 codice
1822 5220 1997 5282 Monacensi

496 5323 575 5382 ¹haec
593 5330 711 5383 extant:
739 5321 856 5398 Cyprea
876 5321 979 5395 trabe,
992 5330 1074 5397 pro:
1098 5331 1186 5398 cypro
1203 5321 1398 5390 abundante,·
1416 5321 1618 5396 cypriisenim
1630 5321 1730 5379 clauis
1740 5338 1835 5379 naues
1844 5321 1997 5394 figuntur.

502 5438 578 5498 quae
605 5419 696 5480 uerba
721 5436 808 5479 sensu
828 5416 911 5478 omni
932 5416 1070 5478 destituta
1090 5419 1197 5478 uellem
1218 5416 1428 5494 Porphyrionis
1448 5415 1543 5478 editor
1563 5414 1739 5478 nouissimus
1759 5415 1839 5477 Guil.
1861 5417 1998 5494 Meyerus

502 5537 539 5578 ex
565 5515 646 5578 libris
672 5515 882 5577 recentioribus
909 5513 1077 5576 restituisset
1105 5515 1135 5574 in
1162 5516 1240 5575 hanc
1267 5516 1390 5575 formam
1418 5523 1519 5591 aperta
1539 5513 1662 5575 ueritate
1681 5513 1855 5592 genuinam:
1883 5515 1997 5592 Cypriis

502 5617 605 5691 trabe,
628 5626 707 5694 pro:
739 5625 831 5692 cupro
858 5615 1052 5684 abundantc,·
1084 5616 1204 5690 cupreis
1230 5615 1310 5672 enim
1339 5614 1437 5672 clauis
1464 5631 1559 5673 naues
1585 5614 1744 5687 ligantum
1769 5611 1881 5673 scilicet
1901 5611 1997 5690 ipsum

503 5715 612 5776 lemma
639 5732 701 5775 non
727 5733 746 5774 a
772 5711 927 5774 scholiasta
953 5712 1005 5772 sed
1031 5731 1049 5770 a
1075 5709 1200 5771 librariis
1226 5709 1446 5787 insequentibus
1474 5709 1623 5770 adiectum
1648 5720 1700 5771 est.
1731 5711 1769 5771 ad
1789 5711 1879 5770 talem
1898 5721 1998 5772 autem

503 5811 774 5890 interpretationem
801 5830 897 5872 errore
918 5808 1044 5871 ridiculo
1070 5810 1231 5870 delormem
1252 5828 1414 5885 numquam
1435 5810 1532 5870 hercle
1560 5807 1724 5886 Porphyrio
1744 5808 1889 5870 adductus
1908 5818 1998 5881 esset,

504 5907 560 5969 nisi
588 5907 618 5968 in
646 5927 699 5970 suo
727 5905 887 5986 exemplari
913 5908 1032 5986 Capria
1053 5907 1194 5985 scriptum
1216 5906 1366 5985 reperisset
1386 5906 1548 5967 secundum
1569 5905 1808 5984 orthographiam
1828 5906 1997 5984 antiquam,

403 6038 406 6047 ι
504 6024 594 6083 quam
622 6006 748 6086 Augusti
776 6016 909 6084 tempore
935 6004 1024 6066 etiarn
1053 6015 1124 6065 tunc
1152 6003 1312 6084 optinuisse
1339 6014 1443 6065 notum
1470 6014 1528 6066 est:
1556 6006 1593 6065 cl.
1621 6023 1666 6065 ex.
1686 6023 1729 6082 gr.
1751 6002 1847 6064 Asinii
1867 6002 1999 6066 Polionis
