5182 7396
1232 981 1252 1050 9

568 1178 689 1252 Recte
715 1177 919 1252 haeserunt
945 1178 1014 1251 uiri
1042 1180 1249 1275 prudentes
1276 1180 1313 1252 in
1340 1181 1389 1253 od
1416 1181 1430 1252 Ι
1459 1200 1524 1272 35,
1554 1181 1716 1251 21-28:

935 1349 982 1408 Te
1002 1348 1075 1425 Spes
1093 1359 1124 1409 et
1144 1350 1213 1410 albo
1234 1369 1298 1410 rara
1319 1348 1405 1409 Fides
1424 1349 1497 1410 colit

934 1446 1040 1506 Velata
1060 1465 1177 1522 panno,
1199 1465 1254 1508 nec
1275 1446 1415 1508 comitem
1436 1448 1578 1526 abnegat,

974 1545 1146 1622 Utcumque
1167 1556 1279 1606 mutata
1298 1556 1433 1622 potentes

1012 1643 1101 1702 Veste
1122 1643 1228 1703 domos
1249 1641 1369 1703 inimica
1390 1641 1506 1720 linquis.

933 1740 975 1798 At
994 1740 1099 1818 uolgus
1120 1738 1244 1799 infidum
1264 1751 1294 1800 et
1314 1741 1449 1801 meretrix
1470 1753 1546 1802 retro

934 1836 1053 1898 Periura
1073 1837 1169 1911 cedit,
1190 1836 1347 1916 diffitginnt
1366 1839 1447 1900 cadis

973 1934 1051 1995 Cum
1071 1936 1150 1996 faece
1170 1934 1286 1996 siccatis
1305 1935 1410 2010 amici,

1016 2034 1103 2094 Ferre
1123 2033 1223 2112 iugum
1245 2032 1353 2111 pariter
1372 2034 1476 2096 dolosi.

495 2214 632 2294 putant
670 2221 712 2269 se
752 2195 844 2268 haec
881 2192 1121 2290 intellegere,
1162 2195 1225 2290 qui
1254 2194 1362 2268 nauci
1388 2195 1528 2269 faciunt
1555 2216 1708 2295 poetam
1735 2227 1826 2299 prae
1852 2203 1987 2276 ceteris

464 2413 467 2420 Ι
495 2321 735 2418 perspicuum
765 2318 991 2416 explicando
1017 2319 1175 2392 reddere
1201 2319 1525 2407 obscurissimum,
1565 2326 1678 2398 modo
1705 2352 1752 2399 ne
1778 2326 1989 2400 deserenda

493 2448 543 2520 sit
580 2445 749 2519 codicum
790 2444 894 2516 fides.
933 2444 1002 2516 sed
1029 2444 1224 2516 uideamus
1251 2445 1298 2516 de
1325 2443 1493 2542 singulis
1522 2464 1561 2520 et
1588 2450 1704 2522 uerba
1730 2452 1883 2548 quidem
1908 2452 1988 2525 albo

492 2598 590 2644 runo
617 2570 729 2643 Fz'eles
756 2571 877 2642 nelulo
894 2578 1027 2665 panno
1053 2595 1076 2640 a
1102 2569 1194 2641 uitio
1221 2569 1389 2642 inmunia
1414 2571 1536 2644 habeo
1562 2574 1802 2648 subscribens
1823 2575 1989 2673 Porphy-

495 2696 609 2769 rionis
652 2693 976 2791 interpretationi:
1020 2704 1148 2790 possel
1188 2694 1313 2767 unieri
1352 2696 1499 2767 sorde'cie
1535 2697 1678 2770 dixisse
1713 2707 1863 2796 ponno',
1914 2701 1992 2773 nisi

494 2823 603 2896 uellet
626 2821 695 2894 leuc
719 2819 942 2915 conceptione
965 2818 1149 2916 intellegi,
1182 2845 1206 2890 u
1224 2820 1518 2915 pauperioribus
1543 2824 1666 2921 magns
1690 2825 1760 2897 coli
1772 2825 1912 2921 sidem
1944 2824 1988 2898 cf.

495 2946 716 3022 Lactantius
753 2947 800 3018 de
830 2969 902 3018 aue
929 2943 1115 3016 Phoenice
1147 2967 1188 3036 19
1214 2945 1377 3042 Egeslus
1401 2946 1515 3018 obsilo
1532 2948 1687 3042 pennis.
1728 2973 1853 3045 neque
1874 2947 1988 3022 alium

495 3098 608 3172 quam
635 3071 762 3145 album
789 3093 956 3166 pannum
984 3067 1090 3140 Fidei
1118 3069 1321 3142 conuenire
1347 3087 1517 3166 apparet.
1546 3097 1658 3167 porro
1671 3073 1770 3169 Spes
1789 3072 1988 3148 infelicium

495 3199 810 3292 adflictorumque
843 3193 945 3266 socia
978 3194 1166 3266 communi
1202 3195 1369 3265 omnium
1396 3219 1461 3267 ore
1488 3197 1736 3291 praedicatur.
1777 3199 1848 3272 hae
1875 3199 1991 3296 igitur

495 3325 630 3398 ambae
669 3319 796 3394 colunt
832 3318 1138 3415 comitanturque
1172 3321 1398 3404 Fortunam,
1438 3345 1522 3393 cum
1559 3320 1737 3419 relinquit
1771 3349 1866 3421 quos
1899 3341 1990 3397 ante

496 3450 643 3523 fouerat
676 3447 829 3530 beatos,
869 3446 939 3517 hoc
974 3460 1051 3529 est,
1092 3468 1167 3516 una
1201 3470 1286 3516 cum
1321 3444 1492 3517 Fortuna
1529 3446 1691 3519 aduersa
1715 3447 1859 3521 abeunt
1884 3473 1990 3521 exce-

496 3575 679 3670 duntque.
715 3571 775 3643 hic
810 3567 911 3642 nulla
944 3584 1003 3641 est
1039 3567 1322 3665 tergiuersatio,
1355 3569 1415 3642 hic
1441 3567 1491 3641 nil
1519 3569 1650 3643 iuuant
1675 3571 1848 3668 argutiae
1874 3589 1990 3670 atque

496 3697 664 3773 artificia.
705 3694 791 3792 lege
828 3693 946 3765 uerba
982 3718 1096 3766 sensu
1135 3693 1371 3789 incorrupto:
1411 3719 1534 3791 aeque
1568 3719 1708 3792 paucos
1742 3695 1837 3770 fidos
1864 3683 1990 3796 'quam

498 3821 653 3919 uulgum
688 3821 912 3904 amicorum,
948 3818 1039 3915 quin
1074 3819 1188 3891 etiam
1215 3816 1396 3891 'ultimum
1433 3819 1654 3892 miserorum
1679 3819 1847 3894 solamen
1873 3823 1991 3919 Spem

497 3974 582 4022 cum
622 3947 792 4018 Fortuna
841 3942 952 4016 celeri
992 3943 1090 4039 pede
1128 3943 1335 4015 suadentes
1375 3943 1555 4017 inuenies,
1607 3944 1703 4017 hanc
1742 3945 1843 4018 enim
1881 3947 1991 4019 deam

497 4072 686 4146 inimicam
711 4068 943 4167 cogitatione
969 4067 1095 4140 subito
1122 4083 1268 4140 mutare
1296 4068 1332 4139 in
1360 4067 1553 4140 hominum
1579 4086 1722 4142 sortem
1748 4069 1895 4143 tristem
1919 4070 1993 4143 iam

498 4212 759 4280 consecutam,
786 4219 900 4292 quam
926 4191 1025 4288 Spes
1053 4193 1243 4290 Fidesque
1269 4192 1392 4265 colere
1418 4193 1610 4279 dicantur,
1644 4194 1743 4266 unde
1770 4193 1878 4268 nobis
1905 4193 1993 4268 licet

498 4341 563 4397 aut
601 4320 792 4418 quomodo
832 4343 901 4414 per
939 4317 1064 4414 poesis
1103 4315 1207 4414 leges
1241 4343 1460 4390 concessum
1494 4317 1580 4391 est?
1617 4316 1811 4414 praeualet
1847 4319 1886 4392 in
1913 4336 1994 4392 toto

498 4447 662 4521 carmine
707 4444 816 4516 unius
855 4444 950 4515 deae
989 4443 1133 4538 imago,
1179 4441 1373 4538 praeualet
1412 4443 1449 4514 in
1486 4444 1667 4539 strophae
1705 4459 1836 4516 sextae
1875 4443 1992 4517 initio.

498 4573 603 4644 cuius
638 4571 675 4642 in
712 4567 852 4666 protasi
889 4567 953 4665 qui
988 4568 1036 4640 de
1072 4568 1166 4641 deae
1201 4567 1417 4641 cultricibus
1451 4567 1727 4666 comitibusque
1753 4567 1865 4666 legit,
1899 4571 1929 4642 is
1956 4571 1993 4642 in

498 4695 655 4793 apodosi
696 4694 818 4766 facere
855 4718 930 4764 non
968 4710 1096 4789 potest
1130 4693 1220 4790 quin
1256 4691 1374 4766 solam
1408 4694 1519 4765 deam
1554 4708 1755 4790 agnoscat,
1790 4693 1995 4767 adiuuante

500 4819 723 4917 praesertim
767 4835 806 4891 et
851 4817 1073 4891 conciliante
1113 4817 1195 4914 ipso
1236 4817 1297 4890 illo
1335 4829 1434 4890 iuste
1471 4828 1615 4890 murata
1655 4818 1806 4890 inimico
1845 4819 1994 4915 linquis.

501 4946 629 5041 itaque
664 4943 841 5016 confusae
876 4967 1060 5039 personae
1097 4958 1136 5014 et
1172 4942 1224 5015 rei
1250 4943 1468 5039 spurcitiem
1496 4941 1658 5015 Horatio
1683 4942 1786 5015 omni
1812 4968 1860 5015 ex
1888 4962 1996 5039 parte

500 5069 695 5166 indignam
723 5067 1013 5164 perhorrescens
1042 5064 1235 5138 Bentleius
1261 5067 1379 5140 nerins
1406 5093 1474 5163 pro
1500 5067 1639 5163 linquis
1654 5067 1868 5164 proposuit,
1885 5092 1996 5163 porro

500 5205 580 5267 lum
607 5219 675 5290 pro
701 5204 750 5265 nl.
797 5191 902 5264 cuius
929 5190 1113 5288 propositi
1141 5190 1499 5288 improbabilitatem
1527 5191 1759 5289 perspiciens
1787 5190 1998 5264 Peerlkam-

502 5319 586 5416 pius
616 5319 682 5390 seri
703 5317 866 5390 comitem
892 5315 1052 5414 abnegat
1077 5313 1226 5400 maluit,
1269 5341 1344 5389 non
1372 5314 1432 5388 ille
1458 5316 1612 5413 quidem
1637 5315 1797 5401 felicior,
1833 5341 1939 5402 cum,
1966 5314 1996 5388 si

500 5443 598 5539 Spes
626 5459 665 5515 et
693 5442 807 5514 Fides
834 5455 1032 5513 remanent
1059 5440 1096 5511 in
1123 5441 1284 5513 aduersa
1310 5437 1479 5526 fortuna,
1508 5441 1625 5512 uerba
1651 5449 1683 5512 le
1709 5441 1800 5536 Spes
1825 5451 1862 5512 el
1886 5440 1998 5512 Fides

501 5568 626 5641 colunl
660 5568 759 5639 hunc
792 5565 980 5662 accipiant
1013 5592 1166 5638 sensum
1203 5590 1442 5662 peruersum,
1483 5565 1589 5662 quasi
1617 5564 1818 5640 arridentis
1844 5589 1997 5662 quoque

503 5693 696 5765 Fortunae
722 5690 866 5763 amicae
891 5690 967 5763 sint
993 5692 1161 5763 eaedem.
1188 5692 1256 5762 sed
1284 5690 1384 5763 enim
1411 5705 1559 5762 tantum
1587 5689 1699 5762 rebus
1727 5689 1863 5761 misere
1883 5688 1997 5761 fluen-

503 5816 603 5888 tibus
639 5833 836 5913 apparent.
865 5816 1043 5912 prouenit
1067 5831 1194 5888 autem
1223 5815 1420 5898 mendum,
1453 5813 1523 5884 nisi
1551 5811 1676 5898 fallor,
1703 5838 1750 5885 ex
1777 5838 1822 5884 eo
1848 5837 1998 5907 corrup-

504 5939 602 6014 telae
630 5966 791 6039 genere,
818 5941 921 6036 quod
948 5938 1145 6013 inlustraui
1173 5939 1415 6036 praefationis
1437 5939 1486 6010 ad
1501 5937 1738 6033 Propertium
1753 5963 1843 6033 pgg.
1859 5935 1997 6008 XXIX

1824 6063 1838 6106 a
