5182 7396
1232 1020 1276 1090 21

508 1243 584 1314 quo
619 1217 753 1292 clarius
787 1235 990 1316 appareat,
1026 1219 1208 1295 mutanda
1242 1236 1302 1293 est
1334 1218 1527 1317 paululum
1554 1217 1810 1316 interpunctio
1842 1217 1879 1292 in
1906 1219 2006 1292 hunc

509 1340 662 1415 modum
674 1368 681 1414 :

1330 1462 1349 1503 o
1370 1443 1493 1503 deorum

929 1538 960 1599 Si
980 1539 1046 1616 quis
1066 1541 1138 1602 haec
1159 1539 1258 1615 audis,
1280 1539 1394 1599 utinam
1416 1539 1491 1600 inter
1510 1558 1604 1600 errem

1108 1639 1197 1699 Nuda
1218 1639 1317 1698 leones

928 1737 1023 1810 Ante,
1045 1755 1134 1812 quarn
1156 1733 1248 1813 turpis
1268 1733 1377 1796 macies
1397 1734 1535 1795 decentes

929 1831 1065 1910 Occupet
1085 1835 1192 1908 malas,
1213 1843 1389 1910 teneraeque
1408 1851 1494 1892 sucus

929 1931 1047 1992 Defluat
1067 1932 1207 2008 praedae!
1230 1930 1363 2008 speciosa
1383 1949 1493 2007 quaero

1109 2030 1232 2090 Pascere
1253 2028 1355 2106 tigres!

507 2213 679 2287 leonibus
714 2215 896 2288 inermem
932 2240 973 2288 se
999 2240 1196 2288 occurrere
1222 2215 1347 2311 potius
1374 2238 1488 2311 quam
1515 2213 1630 2287 uitam
1660 2213 1789 2286 uiuere
1814 2214 2005 2288 aerumnis

508 2337 744 2437 miseriisque
780 2341 955 2414 obrutam
990 2340 1114 2437 cupit,
1150 2341 1263 2412 modo
1301 2337 1431 2435 pulcra
1466 2339 1600 2425 obeat,
1633 2337 1787 2435 tigrium
1814 2338 1895 2411 uult
1920 2364 2004 2412 esse

506 2463 622 2537 cibus.
651 2465 805 2538 tandem
831 2479 960 2538 autem
986 2465 1165 2538 decerto
1190 2488 1333 2560 genere
1359 2463 1490 2536 mortis
1516 2462 1720 2550 deliberat;
1746 2462 1878 2536 audire
1903 2463 2004 2536 enim

506 2589 577 2662 sibi
605 2589 756 2663 uidetur
781 2606 929 2685 patrem
955 2589 1090 2686 longas
1116 2589 1184 2662 has
1210 2613 1335 2661 moras
1361 2606 1603 2662 execrantem
1631 2587 1707 2685 (uu.
1736 2587 1917 2687 57—6o):

948 2793 1030 2854 *Vilis
1050 2795 1185 2870 Europe',
1207 2805 1290 2870 pater
1309 2805 1414 2871 urguet
1433 2793 1552 2868 absens,

947 2891 1037 2967 ¹Quid
1057 2892 1133 2952 mori
1153 2893 1269 2954 cessas?
1289 2902 1373 2969 potes
1393 2893 1449 2952 hac
1469 2892 1510 2952 ob
1529 2909 1604 2951 orno

949 2991 1116 3050 Pendulum
1137 3009 1213 3050 zona
1231 2991 1309 3051 bene
1329 3000 1358 3050 te
1379 3000 1478 3050 secuta
1498 3007 1527 3049 e·

1127 3085 1219 3149 lidere
1238 3089 1366 3148 collum'.

508 3285 545 3357 in
584 3284 642 3358 his
681 3284 950 3381 Porphyrionis
989 3284 1120 3358 falsam
1159 3285 1450 3382 explicationem
1489 3284 1692 3357 uerborum
1724 3309 1818 3358 amus
1853 3285 1938 3357 bene
1970 3294 2004 3357 te

506 3419 627 3482 secula
666 3409 829 3495 creduli,
869 3425 1054 3507 quantum
1092 3410 1189 3496 scio,
1229 3435 1361 3484 omnes
1398 3424 1637 3507 acceperunt.
1676 3409 1746 3482 sed
1782 3433 1916 3482 zonam
1953 3409 2003 3482 ad

507 3534 713 3608 iuuandum
750 3534 893 3608 scilicet
929 3534 1061 3608 mortis
1095 3533 1291 3608 consilium
1329 3533 1479 3631 puellae
1510 3533 1625 3606 fuisse
1658 3532 1854 3620 comitem,
1893 3533 2004 3606 nimis

507 3659 632 3734 hercle
660 3659 838 3757 frigidum
864 3675 982 3757 atque
1007 3658 1179 3756 ineptum
1205 3674 1264 3732 est
1290 3674 1329 3732 et
1355 3659 1435 3732 iure
1462 3657 1648 3731 inridendi
1675 3655 1871 3731 materiam
1897 3682 2003 3755 prae·

505 3783 588 3856 buit
613 3783 778 3881 amplam
792 3783 1063 3881 quaerentibus
1078 3842 1085 3870 ‚
1105 3798 1146 3856 ut
1160 3782 1424 3880 Peerlkampio
1439 3782 1683 3879 Lehrsioque.
1711 3796 1841 3855 monet
1853 3799 2001 3869 autern,

507 3908 578 3980 nisi
604 3934 757 4005 prorsus
784 3934 844 3982 me
870 3907 963 3982 fallit
988 3908 1138 4006 opini0‚
1166 3908 1344 4006 Europae
1357 3926 1467 4006 pater
1480 3908 1591 3981 haec:
1619 3906 1717 3980 elide
1738 3905 1875 3979 collum
1887 3932 2001 3994 zona,

505 4033 595 4105 dum
629 4033 729 4107 bene
763 4050 802 4106 te
835 4050 967 4107 secuta
992 4049 1051 4106 est
1084 4033 1137 4131 (id
1163 4049 1241 4120 est,
1267 4058 1363 4107 zona
1388 4058 1502 4130 quam
1537 4032 1660 4105 adhuc
1686 4031 1846 4105 honeste
1870 4031 2000 4131 geris).

506 4181 594 4230 narn
619 4157 722 4254 quod
749 4157 848 4230 idem
875 4157 988 4232 filiam
1016 4175 1127 4232 uocat
1153 4157 1285 4244 uilem,
1317 4157 1453 4230 iterum
1481 4181 1557 4229 non
1583 4156 1632 4229 ad
1659 4180 1790 4230 uerum
1817 4154 2001 4253 flagitium

506 4281 579 4354 iam
617 4282 857 4355 commissum
895 4284 963 4356 sed
997 4284 1046 4357 ad
1082 4283 1239 4380 uirginis
1273 4282 1469 4356 leuitatem
1504 4281 1816 4378 impietatemque
1851 4279 2000 4354 referas.

505 4432 582 4504 quo
608 4408 721 4480 modo
745 4408 776 4481 si
802 4433 935 4482 zonam
962 4409 1060 4481 bene
1085 4425 1254 4482 secutam
1280 4406 1502 4504 accipimus,
1538 4403 1711 4478 uidemus
1737 4422 1776 4478 et
1801 4430 1868 4478 cur
1892 4421 2003 4502 pater

505 4533 645 4628 probro
681 4549 823 4629 gnatae
861 4531 1000 4606 timens
1039 4533 1089 4606 ad
1123 4533 1359 4605 moriendum
1395 4530 1551 4628 inpellat
1584 4545 1624 4603 et
1650 4529 1742 4627 quid
1768 4529 1821 4603 ita
1846 4530 2002 4627 Europa

504 4656 732 4730 obsecutura
764 4657 814 4730 sit
848 4672 982 4754 utpote
1017 4657 1189 4755 uirgineo
1216 4682 1359 4755 pauore
1384 4657 1542 4743 iactata,
1574 4681 1658 4728 cum
1686 4672 1888 4729 uenturum
1914 4679 2001 4727 eum

505 4781 569 4879 qui
603 4806 737 4855 zonam
771 4780 907 4879 eripiat
941 4782 1069 4856 animo
1096 4781 1245 4856 iamiam
1272 4781 1500 4879 praesagiat.
1539 4779 1701 4854 alterum
1727 4779 1842 4854 etiam
1869 4779 2001 4853 mortis

504 4931 645 5003 genus,
671 4906 703 4978 si
729 4906 825 4980 forte
851 4905 927 4980 filia
952 4906 1142 5004 praeferat
1170 4905 1335 5004 (quade
1361 4930 1402 4978 re
1427 4905 1470 4978 cf.
1499 4904 1784 5002 Peerlkampius
1802 4905 1851 4978 ad
1865 4932 1899 4977 u.
1916 4905 1999 5004 59),

505 5047 615 5127 pater
639 5032 880 5106 commendat
908 5032 965 5128 (61
996 5032 1117 5130 sqq.):

965 5236 1033 5298 Siue
1054 5248 1083 5297 te
1103 5255 1190 5314 rupes
1209 5247 1240 5297 et
1259 5247 1346 5296 acuta
1366 5237 1426 5297 leto

965 5335 1041 5395 Saxa
1060 5337 1225 5410 delectant,
1245 5354 1299 5413 age
1320 5345 1350 5395 te
1370 5335 1516 5412 procellae

964 5433 1058 5494 Crede
1079 5431 1193 5507 ueloci;
1214 5467 1256 5478 —
1275 5431 1331 5492 nisi
1351 5431 1421 5493 erile
1442 5430 1536 5492 mauis

1064 5531 1191 5609 Carpere
1211 5549 1336 5608 pensum
1356 5549 1417 5607 eqs.

504 5733 759 5815 temptantem
785 5743 867 5804 me,
893 5717 925 5790 si
951 5742 1027 5815 qua
1053 5717 1367 5814 interpretatione
1381 5715 1466 5789 huic
1480 5715 1605 5789 uersui
1619 5739 1836 5788 succurrere
1849 5713 1998 5801 liceret,

503 5842 640 5916 defecit
665 5859 837 5916 euentus.
870 5866 1101 5940 quamquam
1128 5841 1166 5913 in
1192 5841 1247 5913 eis
1273 5866 1372 5938 quae
1397 5857 1486 5914 sunt
1511 5841 1578 5914 lato
1602 5839 1782 5913 delectant
1807 5838 1893 5936 (hoc
1918 5854 1996 5913 est:

504 5966 609 6040 iuuat
648 5966 686 6039 in
719 5966 837 6040 letum
873 5967 976 6065 quod
1010 5965 1175 6065 quaeris)
1205 5965 1329 6039 nullus
1355 5964 1545 6038 offendor:
1578 5989 1665 6038 nam
1691 5963 1798 6038 facile
1822 5964 1997 6061 beneque
