5182 7396
1324 999 1368 1068 14

593 1199 661 1270 sed
694 1197 915 1271 humilitatis
951 1199 1096 1272 notioni
1131 1199 1402 1296 exprimendae
1429 1198 1650 1294 neutiquam
1676 1199 2006 1272 adcommodatum
2033 1217 2091 1272 est

592 1324 736 1395 nudum
763 1321 853 1395 illud
871 1332 1088 1420 pauperum
1115 1324 1274 1422 sanguis
1291 1333 1520 1419 parentum,
1549 1339 1753 1420 propterea
1770 1324 1872 1421 quod
1886 1341 2091 1420 paupertas

592 1448 707 1520 etiam
733 1448 834 1520 cadit
860 1448 898 1520 in
925 1449 1097 1522 homines
1123 1473 1170 1522 ex
1196 1474 1338 1545 genere
1366 1449 1599 1522 nobilissimo
1625 1465 1739 1522 ortos,
1774 1449 1949 1546 quamuis
1976 1448 2092 1545 igitur

591 1571 812 1669 saepissime
849 1572 994 1646 ferente
1029 1598 1175 1646 conexu
1210 1591 1454 1671 opponantur
1488 1574 1587 1646 inter
1621 1599 1663 1646 se
1689 1573 1926 1647 solummodo
1952 1573 2090 1646 diuites

592 1713 631 1770 et
666 1722 854 1792 pauperes
882 1695 984 1794 (uide
1011 1723 1069 1770 ex.
1096 1723 1153 1796 gr.
1182 1699 1235 1782 ΙΙ,
1269 1700 1329 1783 18,
1363 1721 1405 1771 10
1422 1707 1702 1795 pauperemque
1726 1699 1831 1771 diues
1857 1723 1912 1770 me
1929 1699 2028 1794 pair
2051 1715 2090 1770 et

592 1821 623 1893 ll
655 1845 716 1912 14,
749 1844 786 1892 11
808 1847 863 1918 sq.
900 1822 979 1894 siue
1004 1847 1110 1920 reges
1135 1823 1215 1894 siue
1239 1823 1364 1918 inopes
1387 1823 1531 1895 erimus
1556 1825 1709 1922 calani),
1738 1841 1865 1898 tamen
1892 1823 1999 1920 origo
2026 1822 2089 1894 ubi

590 1945 817 2018 declaranda
855 1962 913 2019 est
951 1972 1026 2018 non
1065 1945 1175 2018 simul
1215 1945 1458 2045 intellegitur.
1511 1949 1597 2021 hinc
1637 1950 1749 2022 uariis
1788 1949 1909 2022 modis
1944 1965 2089 2020 certum

590 2069 770 2168 loquendi
803 2096 925 2166 genus
959 2088 1019 2143 est
1052 2088 1196 2157 ortum,
1233 2073 1336 2170 quod
1370 2072 1573 2147 inlustrant
1599 2073 1775 2172 exempla
1801 2075 1937 2147 haece:
1970 2074 2030 2146 od.
2059 2073 2089 2144 ll

592 2219 632 2288 3,
662 2220 703 2267 21
733 2223 815 2292 sqq.
854 2196 1004 2269 dz'nesne
1021 2198 1152 2292 prisca
1177 2207 1289 2269 nalus
1313 2197 1359 2268 ab
1384 2198 1526 2271 Inacha
1553 2199 1612 2271 nil
1631 2200 1787 2272 a'nleresl
1809 2226 1862 2272 an
1878 2208 2031 2296 pauper
2055 2207 2093 2269 el

588 2321 724 2416 infima
758 2321 801 2392 de
833 2332 960 2420 genta
1000 2339 1070 2394 sat.
1108 2323 1190 2406 16,
1219 2325 1264 2416 58
1304 2349 1378 2394 nan
1402 2349 1468 2421 ega
1494 2349 1550 2394 me
1574 2324 1676 2396 claro
1703 2334 1834 2396 reatum
1852 2334 1987 2419 patre,
2015 2350 2090 2396 nan

588 2471 655 2544 ega
687 2445 828 2519 ar'rcurn
863 2471 918 2518 rne
944 2447 1172 2519 Satureiano
1207 2448 1353 2520 uectari
1383 2474 1483 2521 rura
1517 2449 1653 2522 caballo
1668 2507 1675 2520 .
1692 2506 1722 2520 ..
1750 2475 1871 2521 narra
1899 2447 1985 2544 (hoc
2011 2465 2088 2520 est:

590 2595 666 2642 non
694 2595 804 2643 narro
832 2597 891 2644 me
918 2570 1083 2645 nobilem
1109 2589 1149 2644 et
1174 2572 1331 2644 diuitem
1358 2575 1478 2671 esse);
1506 2575 1616 2671 epist.
1646 2575 1658 2646 l
1688 2599 1756 2659 20,
1781 2596 1827 2646 20
1848 2600 1904 2646 rne
1920 2574 2089 2646 libertina

585 2706 722 2790 ‚nalum
748 2705 864 2791 patre
896 2707 933 2768 el
962 2697 1004 2769 z'u
1039 2697 1143 2769 tenaci
1174 2723 1234 2782 re;
1275 2699 1493 2795 Propertius
1532 2699 1563 2770 ll
1599 2723 1665 2790 24,
1699 2719 1743 2792 37
1770 2725 1825 2796 sq.
1853 2708 1976 2771 certus
2001 2724 2088 2770 eras

588 2820 697 2905 elram
732 2821 908 2916 quamuis
942 2847 1005 2893 nec
1037 2822 1223 2920 sauguine
1256 2823 1359 2894 ana'la
1394 2822 1523 2895 nabilis
1547 2834 1583 2895 et
1605 2825 1781 2919 quamuis
1807 2849 1880 2896 nan
1906 2824 1959 2895 u'la
1985 2824 2088 2895 diues

588 2971 693 3030 eras;
733 2944 813 3018 laus
849 2946 994 3018 Pisonis
1036 2945 1155 3043 (Poet.
1191 2944 1253 3019 lat.
1292 2947 1378 3019 min.
1417 2949 1429 3020 l
1466 2974 1500 3044 p.
1540 2951 1625 3047 ²30)
1659 2951 1725 3020 118
1752 2975 1807 3046 sq.
1834 2974 1933 3020 rara
1958 2949 2088 3021 denras

590 3079 734 3142 tenuem
766 3096 839 3143 uon
864 3081 1097 3167 aspernatur
1121 3073 1282 3144 anticum
1309 3098 1476 3168 raraque
1502 3099 1576 3144 nan
1601 3072 1778 3146 hacna'lem
1804 3074 1922 3146 calcal
1935 3071 2087 3173 fastam

588 3195 751 3267 chantem
790 3211 829 3267 et
867 3220 966 3292 quae
1005 3211 1094 3268 sunt
1132 3195 1243 3268 huius
1283 3195 1383 3268 modi
1422 3195 1495 3269 alia
1534 3197 1636 3270 haud
1675 3222 1805 3294 pauca.
1847 3197 1947 3270 unde
1981 3197 2087 3270 facile

588 3319 763 3416 agnoscis
805 3345 850 3392 eo
893 3321 1020 3418 quode
1062 3320 1210 3416 agimus
1245 3318 1327 3392 loco
1368 3337 1519 3416 praeter
1554 3338 1820 3418 paupertatem
1855 3347 1934 3394 rem
1969 3321 2088 3394 multo

587 3443 803 3541 grauiorem
849 3462 888 3517 et
936 3461 1073 3541 poetae
1117 3446 1312 3542 proposito
1358 3446 1466 3518 unice
1504 3447 1794 3519 conuenientem
1834 3445 1936 3520 nullo
1975 3465 2087 3543 pacto

588 3569 712 3641 omitti
747 3569 934 3641 debuisse.
971 3594 1083 3666 porro
1118 3569 1191 3642 iam
1227 3570 1309 3666 ipsa
1345 3571 1527 3644 orationis
1564 3571 1683 3645 forma
1722 3573 1835 3670 (quae
1869 3588 1928 3645 est
1953 3573 2086 3646 eadem

588 3710 704 3790 atque
749 3693 785 3765 in
826 3693 998 3766 uersibus
1036 3721 1084 3767 ex
1122 3710 1191 3766 sat.
1233 3695 1295 3767 l6
1336 3697 1530 3794 excriptis)
1575 3696 1775 3770 Horatium
1815 3699 1885 3771 hoc
1924 3697 2087 3771 uoluisse

588 3818 842 3892 demonstrat:
883 3844 958 3890 non
995 3845 1068 3916 ego
1086 3829 1258 3916 pauper,
1286 3846 1361 3892 non
1388 3846 1461 3916 ego
1487 3821 1659 3919 rguabr'lis
1685 3822 1807 3894 omnis
1834 3821 1981 3894 moriar.
2022 3821 2087 3896 tali

587 3959 715 4016 autem
752 3943 966 4016 sententiae
993 3942 1100 4016 facile
1127 3945 1194 4016 tibi
1221 3947 1450 4040 persuadeas
1477 3944 1566 4018 olim
1593 3943 1770 4018 lectorem
1798 3945 1961 4044 aliquem
1990 3946 2086 4020 male

587 4093 670 4140 eam
710 4065 995 4164 intellegentem
1029 4069 1274 4166 adscripsisse
1307 4097 1413 4166 qraern
1450 4096 1558 4142 uacus
1585 4072 1698 4168 idque
1725 4071 1848 4167 ipsum
1875 4072 1910 4143 in
1940 4090 2085 4145 textum

588 4209 781 4288 receptum
818 4191 1009 4290 expulisse
1034 4195 1239 4290 genuinam
1267 4194 1477 4268 lectionem.
1519 4221 1727 4294 quaecum
1755 4196 1807 4268 ita
1832 4223 1873 4269 se
1901 4198 2084 4282 habeant,

589 4342 723 4389 uereor
761 4332 802 4388 ut
842 4343 1020 4415 umquam
1061 4336 1206 4392 mutata
1245 4345 1319 4392 una
1357 4319 1525 4393 alteraue
1564 4320 1730 4394 litterula
1766 4322 1938 4418 scriptori
1976 4348 2086 4394 suum

587 4443 747 4514 reddere
785 4441 905 4515 liceat.
957 4444 1025 4516 sed
1064 4445 1242 4541 quoniam
1279 4444 1315 4517 in
1356 4443 1420 4518 tali
1459 4445 1698 4530 condicione,
1737 4447 1768 4519 si
1808 4447 1845 4519 in
1884 4472 1960 4543 qua
1994 4445 2085 4531 alia,

587 4564 741 4638 ludendi
781 4566 1052 4664 ingeniumque
1091 4569 1313 4664 experiundi
1353 4567 1509 4642 facultas
1550 4571 1621 4642 rite
1658 4596 1838 4644 concessa
1863 4588 1941 4654 est,
1982 4568 2086 4642 lubet

586 4689 802 4786 speciminis
836 4690 961 4788 gratia
986 4691 1126 4764 addere
1154 4691 1191 4764 id
1217 4693 1319 4789 quod
1346 4693 1444 4765 inter
1471 4695 1574 4766 uaria
1601 4695 1851 4791 temptamina
1877 4695 1975 4768 ultro
2001 4722 2085 4768 sese

587 4815 785 4887 offerentia
812 4833 899 4888 uate
927 4815 1125 4888 Venusino
1150 4817 1412 4912 dignissimum
1441 4818 1561 4890 uisum
1588 4837 1664 4891 est:

1152 5041 1155 5048 ⁴
1267 5057 1329 5100 non
1348 5059 1404 5117 ego
1425 5059 1587 5118 pauperum

988 5135 1112 5214 Sanguis
1133 5148 1303 5212 parentum,
1325 5157 1386 5199 non
1408 5159 1462 5217 ego
1483 5159 1572 5214 egens
1592 5144 1679 5213 aurs,

1108 5233 1224 5295 Dilecte
1245 5236 1419 5308 Maecenas,
1440 5236 1541 5298 obibo.

585 5471 677 5518 auos
703 5463 742 5518 et
760 5455 929 5542 proauus
963 5472 1077 5520 sensu
1109 5448 1337 5545 praegnanti
1365 5451 1525 5524 maiores
1553 5451 1698 5525 nobiles
1724 5452 1827 5548 apud
1853 5469 1986 5548 poetas
2012 5455 2084 5550 sig-

588 5569 758 5654 nificare,
795 5571 920 5643 notius
955 5587 1014 5644 est
1048 5597 1161 5669 quam
1200 5574 1302 5670 quod
1340 5574 1523 5671 exemplis
1558 5575 1780 5649 confirmare
1806 5594 2000 5673 oporteat;
2036 5579 2084 5650 ad

587 5693 677 5766 illud
710 5721 821 5794 egens
858 5714 1099 5792 comparetur
1124 5695 1269 5770 Statius
1296 5698 1378 5770 silu.
1407 5699 1441 5769 V
1472 5725 1511 5785 2,
1544 5721 1584 5793 15
1613 5726 1695 5799 sqq.
1734 5727 1807 5774 nau
1833 5712 1866 5773 le
1890 5701 2004 5774 series
2029 5703 2085 5774 u'n-

586 5818 729 5892 honora
755 5828 964 5915 parentum
999 5821 1203 5893 obscuram·
1221 5824 1385 5917 proauis
1417 5834 1454 5895 et
1471 5825 1621 5920 praseae
1646 5826 1738 5898 lucis
1760 5835 1923 5924 egentem
1941 5827 2083 5922 plebeia

585 5943 629 6014 de
654 5944 771 6039 stirpe
796 5943 891 6016 lulz't.
