5182 7396
1316 1010 1363 1080 28

591 1209 736 1283 confert
775 1208 936 1295 Lucilio,
977 1210 1030 1283 ita
1063 1228 1102 1283 et
1137 1211 1236 1283 hunc
1272 1235 1346 1282 non
1382 1235 1466 1282 cum
1502 1209 1629 1283 nescio
1663 1209 1800 1306 quibus
1839 1209 1991 1306 tragicis
2024 1226 2091 1283 aut

592 1333 708 1432 epicis
742 1357 962 1429 comparare
996 1334 1138 1407 debuit.
1178 1351 1237 1420 at,
1272 1334 1415 1430 inquis,
1454 1360 1529 1408 non
1563 1333 1721 1430 agnouit
1756 1332 1913 1406 Flaccus
1939 1349 2091 1430 praeter

593 1459 797 1532 Auruncae
822 1457 1015 1531 alumnum
1042 1458 1211 1532 satiricos
1239 1459 1452 1546 Romanos;
1481 1459 1540 1531 hic
1564 1458 1671 1531 audit
1685 1457 1735 1530 illi
1748 1475 1900 1531 saturae
1914 1458 2092 1530 inuentor

593 1585 643 1681 (u.
671 1585 847 1680 48:56).
876 1583 963 1655 uide
990 1607 1037 1656 ne
1064 1583 1271 1657 confundas
1296 1584 1457 1657 diuersa.
1486 1585 1631 1656 inuenit
1658 1583 1822 1657 Lucilius
1840 1600 2091 1657 eamsaturae

591 1709 749 1783 formam
784 1733 898 1805 quam
935 1705 1117 1781 Horatius
1153 1709 1262 1782 unice
1296 1709 1502 1806 probabat,
1538 1725 1726 1806 quatenus
1764 1708 1930 1805 pertinet
1956 1709 2004 1780 ad
2032 1733 2091 1780 res

592 1833 828 1918 tractandas;
875 1833 942 1905 sed
990 1833 1091 1930 quod
1130 1833 1178 1905 ad
1217 1839 1414 1906 externam
1453 1833 1635 1906 orationis
1673 1833 1859 1929 speciem,
1899 1831 1989 1905 nihil
2030 1831 2091 1905 ille

591 1958 748 2031 nouauit
774 1956 1072 2054 consimilisque,
1092 1956 1163 2030 etsi
1191 1956 1374 2042 limatior,
1402 1957 1472 2030 suit
1497 1957 1551 2030 eis
1578 1957 1642 2054 qui
1671 1958 1741 2030 hoc
1767 1957 1942 2030 carminis
1967 1981 2090 2054 genus

592 2083 809 2179 praeibant3
838 2107 962 2178 neque
989 2080 1059 2153 hoc
1088 2081 1290 2166 Horatius,
1317 2081 1583 2154 subtilissimus
1604 2081 1815 2154 litterarum
1833 2082 2089 2154 Romanarum

591 2207 859 2292 existumator,
894 2205 1093 2302 ignorauit.
1130 2220 1170 2278 at
1207 2207 1397 2278 undenam
1432 2206 1480 2278 de
1510 2205 1745 2279 satiricorum
1773 2205 1956 2278 Lucilium
1985 2231 2090 2303 prae·

591 2330 806 2404 cedentium
832 2329 944 2403 turba
970 2327 1148 2403 constat?
1174 2355 1302 2402 nonne
1329 2330 1534 2403 Suetonius
1562 2356 1597 2426 p,
1627 2353 1674 2402 20
1701 2329 1809 2402 Reiff.
1826 2330 2090 2403 tantummodo

592 2455 795 2528 Pacuuium
830 2471 869 2528 et
904 2454 1068 2527 Ennium
1103 2452 1300 2551 appellat?
1333 2480 1406 2550 ego
1433 2479 1542 2536 uero,
1569 2455 1599 2526 si
1628 2479 1673 2528 ea
1699 2479 1798 2552 quae
1823 2481 1939 2551 supra
1964 2455 2090 2551 dispu-

591 2580 669 2652 taui
709 2597 811 2652 recte
849 2595 938 2652 sunt
974 2579 1191 2675 disputata,
1231 2604 1279 2651 ex
1306 2579 1388 2675 ipso
1424 2578 1546 2652 Flacci
1583 2579 1665 2651 loco
1699 2578 1813 2676 longe
1848 2579 1975 2675 plures
2000 2578 2089 2652 olim

591 2721 802 2778 saturarum
829 2705 1032 2801 scriptores
1058 2703 1231 2776 extitisse
1256 2729 1465 2800 eorumque
1490 2729 1538 2776 ex
1562 2729 1719 2776 numero
1733 2703 1960 2778 Suetonium
1976 2703 2090 2775 notis-

591 2829 706 2903 simos
745 2829 961 2902 exhibuisse
996 2827 1142 2925 colligo.
1191 2829 1244 2900 sic
1278 2852 1364 2900 mea
1397 2846 1535 2924 sponte
1571 2827 1738 2901 deducor
1771 2829 1819 2901 ad
1854 2827 2089 2901 Doederlinii

591 2954 820 3027 sententiam
847 2953 960 3027 hodie
986 2952 1221 3050 neglectam,
1250 2954 1343 3025 rude
1369 2952 1602 3050 Graecisque
1629 2953 1811 3026 intactum
1838 2977 1990 3025 carmen
2005 2978 2089 3026 esse

591 3096 739 3152 saturas
766 3079 803 3151 in
829 3104 943 3152 scena
968 3095 1081 3151 actas.
1110 3102 1341 3175 quamquam
1368 3076 1636 3150 Doederlinius
1663 3102 1747 3149 cum
1773 3093 1966 3150 auctorem
1987 3076 2088 3149 illum

590 3221 758 3276 sumeret
791 3205 861 3277 den
893 3203 1043 3276 nrallen
1071 3202 1154 3275 und
1176 3202 1409 3275 naneenlesen
1435 3200 1638 3302 Schoepfer
1662 3201 1730 3273 der
1754 3200 2090 3296 e'mprovisr'renden

591 3329 758 3414 Satura,
788 3353 862 3400 non
890 3327 992 3400 omni
1018 3352 1041 3400 a
1067 3343 1177 3423 parte
1204 3344 1346 3400 rectum
1375 3327 1479 3399 uidit.
1507 3343 1639 3399 contra
1665 3351 1778 3422 quem
1805 3324 2087 3400 Teufseliusll.

591 3478 626 3549 p.
654 3457 723 3545 625
753 3452 845 3525 haec
871 3451 1061 3548 disputat:
1095 3477 1159 3523 um
1185 3451 1255 3524 mit
1276 3451 1396 3524 dieser
1422 3450 1632 3550 rerglr'elren
1657 3450 1806 3523 werden
1830 3476 1878 3522 zu
1904 3451 2087 3537 koennen,

589 3575 709 3649 heelle
742 3576 837 3648 diese
872 3577 1018 3682 Satnra
1053 3575 1134 3648 dem
1158 3575 1297 3648 Horae
1317 3575 1554 3674 geselerr'eben
1580 3575 1767 3674 vorle'egen
1794 3600 1980 3660 muessen,
2010 3601 2089 3648 was

588 3700 700 3774 sehon
733 3698 854 3774 durch
888 3699 1000 3773 ihren
1042 3699 1258 3773 Charakler
1291 3700 1348 3772 als
1379 3700 1672 3795 Improw‘satz'on
1697 3699 1994 3798 ausgeschlessen
2019 3699 2087 3784 ist,

584 3853 689 3926 gene
736 3825 937 3924 adgeseleen
982 3825 1102 3897 daven
1140 3825 1228 3897 dass
1265 3825 1360 3897 diere
1399 3825 1584 3910 Saturae,
1630 3825 1687 3896 als
1736 3824 2087 3910 Velksluslberkee't,

584 3949 798 4051 gleielrfalls
833 3950 1144 4049 schlechlerdings
1182 3949 1284 4022 nield
1316 3947 1395 4050 anf
1421 3950 1563 4049 z'rgend
1591 3947 1721 4022 welche
1752 3949 1912 4022 einzelne
1941 3950 2088 4022 Person

588 4077 646 4148 als
671 4074 783 4147 ihren
808 4085 939 4148 auctor
964 4074 1041 4147 sich
1067 4072 1376 4175 enrrlcksuelrren
1402 4075 1541 4146 lz'essen.
1570 4073 1697 4146 nescio
1724 4073 1826 4146 unde
1852 4092 2087 4170 compertum

590 4199 765 4273 habuerit
802 4197 1029 4285 TeuffeliuS,
1070 4199 1201 4271 harum
1241 4216 1453 4272 saturarum
1490 4197 1540 4271 nil
1575 4199 1623 4272 ad
1659 4214 1832 4294 posteros
1867 4199 2087 4295 peruenisse

589 4324 782 4420 scriptum.
812 4349 897 4396 nam
925 4349 1009 4395 cum
1036 4322 1151 4419 longo
1178 4340 1352 4419 tempore
1378 4322 1461 4396 illae
1488 4339 1726 4419 spectantem
1753 4321 1935 4419 populum
1952 4323 2088 4397 Roma·

590 4473 678 4520 num
705 4447 980 4521 delectauerint
1007 4449 1200 4544 usquead
1228 4447 1377 4520 Liuium
1405 4447 1686 4532 Andronicum,
1714 4447 1778 4545 qui
1798 4464 1963 4520 testante
1979 4448 2087 4522 Liuio

589 4573 766 4645 historico
795 4571 880 4668 (Vll
910 4597 948 4656 2,
976 4574 1013 4670 8)
1041 4573 1086 4645 ab
1111 4572 1258 4645 saturis
1282 4597 1401 4644 ausus
1424 4582 1480 4644 est
1497 4572 1652 4672 primus
1675 4583 1900 4671 argumento
1908 4571 2085 4673 fabulam

587 4721 729 4783 serere,
768 4698 838 4770 hoc
870 4713 1016 4770 statues
1044 4712 1148 4780 tuto,
1188 4696 1218 4768 si
1246 4722 1321 4768 non
1349 4696 1517 4792 integras
1543 4714 1710 4782 saturas,
1737 4712 1777 4770 at
1802 4720 1931 4769 earum
1958 4714 2086 4794 partes

590 4822 904 4918 praestantiores,
932 4836 972 4895 at
997 4820 1147 4918 singula
1172 4819 1273 4893 dicta
1299 4821 1398 4893 haud
1426 4845 1547 4916 pauca
1572 4837 1611 4893 et
1638 4821 1674 4892 in
1696 4821 1877 4894 memoria
1891 4821 2085 4895 hominum

587 4964 740 5019 seruata
774 4963 813 5019 et
849 4945 983 5019 litteris
1017 4946 1198 5018 mandata
1231 4969 1333 5029 esse,
1373 4945 1473 5018 unde
1508 4945 1545 5017 in
1574 4945 1788 5018 Varronum
1816 4945 1883 5019 has
1910 4946 2085 5044 reliquias

587 5071 756 5144 studiose
789 5069 1070 5167 anquirentium
1109 5068 1224 5142 libros
1259 5069 1446 5142 fluxerint.
1487 5087 1526 5142 et
1561 5070 1750 5143 undenam
1778 5070 1920 5143 nisiex
1948 5071 2085 5145 talibus

588 5194 810 5292 fragmentis
845 5193 1020 5267 iudicium
1055 5195 1104 5266 de
1140 5193 1271 5290 priscis
1305 5194 1442 5267 saturis
1471 5193 1568 5267 serre
1595 5193 1698 5267 licuit
1724 5220 1819 5268 aeuo
1846 5195 2084 5292 posteriore?

587 5319 715 5417 itaque
753 5319 855 5416 prior
890 5319 1042 5416 quidem
1078 5317 1253 5391 Teuffelii
1288 5319 1475 5393 dubitatio
1515 5319 1653 5392 reicula
1678 5337 1737 5392 est
1764 5319 1932 5418 nihilque
1956 5322 2084 5395 obstat

587 5444 788 5542 quominus
824 5443 954 5517 Lucilii
989 5443 1193 5516 dictionem
1227 5461 1484 5541 comparatam
1520 5445 1688 5518 dicamus
1723 5471 1807 5518 curn
1834 5471 1879 5518 ea
1904 5471 1981 5543 qua
2006 5463 2084 5519 ute-

586 5570 726 5643 bantur
759 5569 822 5666 qui
862 5569 1006 5643 Romae
1042 5569 1079 5640 in
1115 5570 1264 5643 theatro
1292 5571 1403 5642 rudes
1431 5569 1717 5668 incomptasque
1743 5571 1911 5667 agebant
1936 5588 2084 5644 saturas

586 5710 676 5768 ante
711 5710 844 5790 poetas
877 5718 1038 5791 graecae
1073 5693 1145 5767 arti
1183 5696 1393 5768 studentes.
1432 5695 1500 5767 sed
1535 5696 1637 5792 quod
1671 5695 1719 5768 ad
1754 5694 1912 5768 alteram
1948 5720 2026 5766 rem
2060 5719 2084 5768 a

586 5817 773 5892 Teuffelio
807 5819 1014 5905 obiectam,
1050 5818 1163 5916 plane
1198 5819 1278 5892 eius
1314 5819 1450 5892 iudicio
1476 5820 1690 5892 subscribo:
1725 5836 1896 5905 saturae,
1924 5844 2082 5916 quarum

585 5943 693 6040 origo
718 5943 1064 6040 antiquissimorum
1092 5961 1306 6040 temporum
1322 5944 1488 6018 tenebris
1502 5943 1684 6018 obuoluta
1700 5943 1813 6029 latet,
1835 5969 1908 6017 non
1924 5961 2084 6040 possunt
