5182 7396
1242 1027 1287 1098 27

514 1251 653 1322 magna
687 1251 812 1323 neque
847 1227 970 1300 adhuc
1005 1228 1216 1324 composita
1251 1227 1295 1300 lis
1331 1246 1390 1301 est
1417 1229 1515 1302 inter
1540 1229 1808 1326 grammaticos
1835 1228 1883 1300 de
1910 1227 2012 1300 rudis

514 1366 554 1422 et
587 1350 743 1423 Graecis
782 1351 913 1424 intacti
948 1350 1123 1424 carminis
1157 1369 1322 1425 auctore.
1362 1368 1402 1425 et
1435 1353 1469 1426 ei
1501 1353 1655 1450 quidem
1681 1353 1746 1451 qui
1773 1370 1918 1426 certum
1949 1350 2013 1425 ali·

514 1499 628 1572 quem
655 1491 808 1572 poetam
834 1475 1119 1549 commemorari
1147 1493 1286 1572 putant
1312 1477 1349 1549 in
1376 1477 1470 1551 duas
1497 1493 1624 1574 partes
1651 1478 1869 1551 discedunt:
1903 1476 2012 1550 alteri

515 1599 639 1696 ipsum
680 1600 883 1686 Lucilium,
931 1599 1039 1673 alteri
1088 1601 1253 1673 Ennium
1302 1601 1374 1674 dici
1420 1601 1491 1674 sibi
1540 1618 1819 1699 persuaserunt.
1870 1602 1939 1674 sed
1980 1601 2011 1674 si

517 1725 634 1797 uerba
668 1723 747 1809 illa,
784 1743 826 1797 ut
862 1740 964 1798 recte
1001 1724 1062 1810 fit,
1099 1724 1330 1821 explicamus
1363 1753 1476 1822 quam
1510 1738 1641 1800 auctor
1675 1727 1857 1800 carminis
1882 1726 2016 1798 inculti

515 1849 680 1946 quodque
713 1849 929 1922 litterarum
972 1849 1209 1923 Graecarum
1255 1851 1402 1924 nullum
1440 1850 1622 1951 praeseri
1653 1851 1874 1950 waslogium,
1913 1851 2010 1924 scire

515 1974 693 2071 equidem
733 1973 844 2047 uelim
880 2000 956 2071 quo
991 1975 1104 2048 modo
1138 2000 1184 2048 ea
1218 1975 1407 2072 quadrent
1441 2002 1525 2048 cum
1560 1977 1598 2049 in
1633 2002 1765 2049 omnes
1808 1975 2012 2072 scriptores

517 2116 603 2195 post
651 2099 814 2196 primum
861 2099 1000 2173 bellurn
1041 2100 1220 2172 Punicum
1260 2101 1436 2196 uigentes
1476 2101 1534 2196 (cs.
1576 2101 1709 2174 Horat.
1749 2101 1858 2197 epist.
1899 2101 1929 2172 ll
1974 2123 2011 2184 1,

521 2229 588 2318 156
614 2224 714 2322 sqq.)
751 2240 831 2296 tum
871 2225 908 2296 in
944 2225 1110 2297 Ennium
1149 2241 1188 2298 et
1224 2223 1407 2297 Lucilium
1442 2251 1618 2322 graecam
1657 2225 1909 2298 eruditionem
1945 2250 2014 2322 per

515 2350 643 2423 omnia
675 2349 933 2423 ostendentes.
974 2349 1061 2422 nolo
1094 2367 1223 2423 autern
1257 2366 1343 2423 acta
1379 2367 1419 2423 ut
1446 2351 1552 2424 aiunt
1576 2375 1706 2447 agere;
1735 2367 1775 2422 tu
1803 2348 1889 2447 lege
1915 2375 2014 2448 quae

515 2475 767 2571 scripserunt,
808 2491 850 2546 ut
885 2475 983 2546 inter
1020 2491 1191 2547 recentes
1226 2500 1286 2546 me
1321 2475 1554 2559 contineam,
1595 2475 1636 2547 L.
1676 2461 1883 2548 Muellerus
1917 2501 2011 2548 mus.

517 2599 639 2672 Rhen.
678 2599 848 2671 XXVlll
885 2626 919 2695 p.
955 2604 1027 2692 636
1061 2624 1143 2696 sqq.
1179 2617 1219 2671 et
1255 2599 1463 2672 Teuffelius
1498 2599 1586 2672 ibid.
1615 2600 1736 2673 XXX
1764 2605 1873 2696 p.623
1908 2625 2011 2697 sqq:

517 2723 662 2796 uidebis
702 2740 903 2820 utrumque
942 2723 980 2794 in
1019 2722 1223 2797 refellenda
1255 2724 1447 2797 sententia
1472 2724 1633 2798 aduersa
1657 2750 1742 2797 esse
1768 2725 2013 2822 comproban-

516 2851 625 2935 dum,
664 2850 731 2922 sed
767 2849 1043 2945 inprobandum
1079 2849 1116 2921 in
1150 2849 1410 2922 sustentandis
1440 2849 1556 2946 ipsius
1589 2849 1835 2946 argumentis.
1875 2849 2012 2946 quibus

515 2969 622 3048 a'dice
657 3000 755 3071 quae
781 2974 844 3071 qui
873 2974 997 3047 neutri
1023 2974 1191 3070 opinioni
1217 2999 1259 3046 se
1284 2974 1465 3047 addixere
1492 2974 1730 3071 protulerunt
1756 2974 2013 3072 Nipperdeius

516 3126 644 3197 opusc.
683 3125 718 3195 p.
756 3121 823 3193 505
860 3124 941 3196 sqq.
978 3116 1017 3172 et
1052 3099 1237 3173 Dziatzko
1272 3125 1365 3172 mus
1403 3099 1524 3172 Rhen.
1562 3099 1732 3172 XXVlll
1768 3126 1803 3196 p.
1837 3102 1902 3193 187
1929 3123 2010 3197 sqq.

517 3225 646 3322 itaque
685 3249 760 3296 non
800 3224 932 3297 dubito
970 3224 1151 3297 accedere
1189 3223 1243 3297 eis
1281 3224 1344 3320 qui
1384 3225 1591 3297 carminum
1624 3241 1816 3298 auctorem
1848 3223 2012 3321 aliquem

517 3351 641 3447 prisco
667 3348 845 3423 Italorum
873 3374 1030 3422 numero
1056 3348 1236 3422 Saturnio
1262 3373 1394 3421 uersus
1421 3349 1591 3421 horridos
1618 3348 1840 3422 fundentem
1868 3348 2011 3422 intelle-

516 3492 624 3572 gunt.
660 3476 762 3572 quod
798 3475 881 3571 ipsa
915 3499 961 3547 ea
994 3498 1108 3570 quam
1144 3498 1352 3570 agnoscere
1387 3472 1477 3545 mihi
1514 3473 1645 3546 uideor
1670 3473 1859 3570 oppositio
1887 3473 1923 3546 in
1950 3500 2011 3545 uu.

516 3605 564 3672 66
603 3616 642 3673 et
676 3604 722 3692 67
759 3598 872 3672 obuia
906 3598 1156 3671 commendat.
1191 3599 1333 3670 etenim
1368 3599 1477 3695 primi
1512 3597 1563 3670 illi
1591 3599 1785 3672 Musarum
1812 3597 2012 3671 latinarum

516 3725 739 3821 scriptores,
778 3723 842 3819 qui
878 3723 1013 3797 litteris
1049 3722 1195 3820 graecis
1230 3723 1363 3796 imbuti
1395 3741 1476 3796 arte
1502 3722 1766 3820 qualicumque
1793 3723 2014 3820 pangebant

518 3875 669 3933 uersus,
706 3873 781 3921 non
816 3848 897 3921 sine
932 3847 1112 3944 superbia
1145 3847 1307 3944 quadam
1336 3857 1465 3942 poetas
1498 3873 1540 3920 se
1567 3848 1803 3934 uocitabant‚
1830 3847 1903 3920 iam
1930 3847 2013 3943 ipso

518 3973 702 4047 uocabulo
739 3998 878 4068 graeco
912 3998 958 4044 ex
994 3996 1159 4067 quanam
1195 3970 1323 4044 schola
1357 3989 1485 4044 essent
1520 3971 1676 4068 proiecti
1712 3972 1917 4069 prodentes
1953 3971 2011 4069 (cl.

519 4100 559 4172 L.
589 4097 794 4171 Muellerus
820 4098 868 4169 de
895 4122 935 4168 re
963 4113 1069 4170 metr.
1099 4122 1134 4192 p.
1161 4095 1237 4194 65).
1266 4096 1303 4169 hi
1331 4096 1446 4193 igitur
1473 4097 1598 4170 uerbis
1622 4106 2012 4193 quomquepoelarum

516 4225 706 4296 semorum
743 4223 874 4307 turba,
910 4221 948 4293 in
980 4221 1116 4318 quibus
1143 4220 1233 4293 illud
1252 4231 1452 4316 poetarum
1478 4247 1562 4293 cum
1590 4221 1627 4294 ui
1652 4222 1816 4317 quadam
1843 4238 1901 4294 est
1927 4221 2014 4294 effe-

518 4349 696 4434 rendum,
731 4363 985 4444 segregantur
1022 4347 1070 4419 ab
1097 4346 1151 4418 eis
1178 4346 1241 4442 qui
1267 4345 1349 4419 sine
1375 4345 1466 4419 artis
1492 4346 1738 4442 graecanicae
1764 4346 1899 4419 notitia
1923 4363 2014 4419 ante

519 4473 667 4546 Liuium
693 4471 955 4544 Andronicum
983 4471 1169 4567 poeticam
1196 4470 1428 4544 factitabant.
1456 4471 1523 4542 sed
1538 4470 1670 4543 horum
1686 4469 2013 4543 innumerabilium

518 4615 668 4682 uatum,
696 4597 760 4693 qui
787 4596 824 4667 in
852 4596 977 4668 uarios
1005 4596 1106 4668 uitae
1129 4622 1218 4668 usus
1233 4595 1336 4669 uaria
1351 4619 1597 4691 composuere
1611 4595 1795 4681 carmina,
1810 4620 2012 4692 quemnam

518 4721 700 4795 Horatius
726 4746 810 4794 esse
836 4719 955 4793 uoluit
980 4731 1168 4793 auctorem
1194 4719 1331 4793 suum?
1357 4745 1490 4794 omnes
1517 4745 1565 4792 ne
1592 4718 1874 4817 intellegamus,
1902 4721 2014 4794 inter·

517 4846 617 4919 cedit
651 4861 690 4918 et
724 4845 925 4942 singularis
961 4870 1138 4918 numerus
1171 4856 1303 4918 auctor
1328 4861 1367 4917 et
1394 4845 1476 4941 ipsa
1503 4870 1581 4917 res:
1620 4869 1706 4917 nam
1733 4845 2013 4941 antiquissimos

517 4972 756 5068 maximeque
790 4987 962 5068 agrestes
995 4970 1084 5043 lima
1119 4995 1299 5066 superare
1335 4969 1436 5042 nulla
1472 4986 1554 5042 erat
1589 4967 1731 5042 Lucilio
1765 4968 1857 5042 laus.
1898 4995 2013 5041 unum

516 5112 644 5169 autem
679 5094 843 5193 aliquem
879 5111 921 5166 ut
957 5112 1085 5168 mente
1118 5095 1226 5168 nobis
1253 5094 1441 5193 fingamus
1470 5094 1803 5190 (quemadmodum
1830 5094 2014 5167 Dziatzko

517 5222 538 5295 l.
567 5222 589 5295 l.
616 5223 799 5319 cogitauit
825 5222 873 5294 de
900 5221 1049 5294 Numae
1075 5222 1240 5294 carmine
1266 5220 1389 5294 saliari
1418 5219 1529 5316 plane
1556 5217 1891 5315 improbabiliter),
1924 5216 2013 5291 nihil

518 5347 556 5419 in
592 5347 717 5420 uerbis
744 5346 843 5419 inest
868 5346 970 5442 quod
996 5347 1166 5418 suadeat.
1206 5346 1253 5418 ad
1280 5371 1378 5443 quae
1404 5344 1549 5417 accedit
1574 5342 1694 5416 altera
1720 5368 1789 5414 res.
1833 5341 2014 5416 Horatius

519 5471 702 5544 Lucilium
738 5496 824 5543 cum
857 5471 1048 5544 seniorum
1084 5487 1282 5567 poetarum
1311 5471 1422 5543 turba
1448 5493 1670 5564 comparans
1697 5492 1786 5539 num
1813 5467 1862 5539 ob
1888 5466 2015 5540 oculos

518 5595 649 5669 habuit
684 5621 742 5668 ex.
777 5620 832 5692 gr.
870 5595 1021 5668 Pacuuii
1048 5593 1292 5691 tragoedias?
1329 5593 1507 5666 iniustum
1535 5617 1832 5690 peruersumque
1858 5607 1951 5688 puto
1977 5592 2014 5663 in

518 5719 771 5792 examinanda
804 5720 998 5816 scriptoris
1029 5718 1184 5792 alicuius
1210 5717 1299 5790 lima
1324 5718 1475 5791 diuersa
1501 5742 1661 5815 poeseos
1686 5741 1829 5814 genera
1854 5716 1892 5788 in
1918 5741 2016 5788 com-

518 5843 754 5940 parationem
791 5869 945 5917 uocare:
981 5843 1092 5918 aliam
1129 5844 1330 5916 uerborum
1356 5868 1483 5916 curam
1510 5869 1624 5940 epos,
1660 5842 1772 5916 aliam
1799 5841 2015 5938 tragoedia,

518 5966 629 6041 aliam
666 5985 796 6042 satura
829 5969 986 6066 flagitat.
1028 5969 1142 6041 immo
1176 5984 1218 6039 ut
1252 5967 1432 6040 Horatius
1458 5984 1580 6040 semet
1606 5968 1730 6063 ipsum
1758 5983 1799 6038 ut
1824 5965 2015 6039 satiricum
