5182 7396
1233 1015 1276 1084 15

581 1214 743 1286 Poscunt
769 1213 884 1286 etiam
911 1238 1023 1310 opem
1050 1213 1327 1311 auxiliumque,
1354 1238 1453 1310 quae
1480 1214 1517 1286 in
1544 1213 1712 1286 eiusdem
1740 1213 1914 1286 carminis
1942 1238 2002 1286 uu.

512 1360 653 1410 12——20
678 1335 873 1435 leguntur:

949 1438 1012 1496 Iam
1034 1437 1185 1496 Daedaleo
1207 1435 1297 1496 tutior
1317 1438 1403 1496 Icaro

946 1533 1048 1594 Visam
1068 1533 1212 1612 gementis
1232 1533 1318 1595 litora
1339 1533 1484 1612 Bosphori

987 1633 1142 1710 Syrtesque
1163 1633 1304 1692 Gaetulas
1323 1651 1449 1693 canorus

1028 1732 1099 1790 Ales
1120 1730 1390 1807 Hyperboreosque
1410 1749 1541 1806 campos.

945 1829 997 1889 Me
1017 1829 1146 1888 Colchus
1166 1840 1211 1901 et,
1232 1827 1284 1906 qui
1304 1827 1467 1888 dissimulat
1487 1838 1598 1888 metum

948 1928 1062 1986 Marsae
1083 1925 1228 2001 cohortis,
1250 1929 1350 1987 Dacus
1369 1938 1399 1987 et
1419 1924 1516 1985 ultimi

989 2025 1121 2084 Noscent
1142 2024 1267 2098 Geloni,
1289 2043 1336 2084 me
1357 2023 1466 2100 peritus

1028 2122 1130 2182 Discet
1151 2122 1247 2183 Hiber
1269 2120 1467 2200 Rhodanique
1488 2132 1584 2199 potor.

507 2257 565 2329 hic
592 2282 744 2354 quoque
772 2256 1022 2353 interpretum
1051 2257 1167 2328 uerba
1193 2282 1248 2327 me
1265 2256 1417 2352 peritus
1430 2255 1544 2327 discet
1555 2255 1681 2328 Hiber
1693 2255 2003 2328 defensitantium

508 2381 692 2453 uoluntati
718 2380 837 2454 defuit
862 2407 1066 2454 successus,
1095 2406 1164 2452 nec
1191 2380 1430 2476 neglegenda
1444 2397 1527 2452 erat
1540 2381 1736 2452 adnotatio
1751 2378 2002 2477 Peerlkampii

506 2506 701 2578 uerissime
727 2505 985 2590 obseruantis‚
1014 2505 1241 2602 ubicumque
1259 2505 1411 2600 perz'lus
1438 2522 1601 2601 ponatur
1618 2503 1810 2590 absolute,
1825 2531 1872 2577 ex
1888 2504 2004 2577 totius

506 2629 575 2702 loci
612 2647 745 2703 tenore
779 2629 886 2703 facile
921 2655 1125 2727 apparere,
1163 2628 1267 2702 cuius
1302 2629 1354 2701 rei
1381 2629 1528 2701 dicatur
1554 2629 1698 2726 peritia.
1739 2629 1840 2726 quali
1868 2629 2004 2702 indicio

505 2755 705 2828 deficiente
731 2754 793 2828 ille
820 2755 968 2827 reiectis
983 2754 1149 2850 priorum
1169 2753 1393 2825 coniecturis
1413 2753 1616 2849 temptauit
1642 2780 1697 2825 me
1705 2754 1854 2854 perz'tus
1866 2755 2004 2827 discere

506 2882 641 2955 Hiber.
682 2884 750 2955 sed
785 2881 882 2979 fugit
908 2879 1230 2976 Peerlkampium,
1268 2903 1343 2950 non
1369 2877 1490 2950 solum
1517 2878 1675 2951 formam
1701 2904 1785 2951 esse
1812 2905 2003 2965 mancam,

504 3009 572 3079 sed
611 3007 726 3079 etiam
763 3031 916 3078 sensum
952 3004 1122 3078 laborare
1149 3004 1198 3076 ob
1226 3002 1263 3075 id
1290 3003 1413 3100 ipsum
1440 3004 1542 3099 quod
1570 3002 1691 3075 Hiber
1717 3001 1778 3075 ille
1804 3003 2004 3076 inducatur

504 3131 664 3204 discens.
709 3131 780 3204 hoc
816 3131 916 3204 enim
953 3128 1034 3201 uult
1068 3144 1201 3226 poeta:
1242 3128 1279 3200 in
1314 3153 1473 3224 cycnum
1508 3145 1676 3200 mutatus
1711 3129 1920 3224 penetrabo
1954 3129 2004 3201 ad

504 3273 695 3328 extremas
730 3255 832 3328 orbis
859 3271 1044 3327 terrarum
1070 3270 1218 3349 partes,
1255 3250 1524 3349 uolantemque
1551 3277 1611 3324 me
1638 3251 1822 3324 uidebunt
1848 3252 2004 3325 ultimae

503 3397 650 3477 gentes,
690 3405 766 3477 qua
801 3380 966 3477 imagine
1001 3405 1090 3450 usus
1124 3377 1195 3450 etsi
1232 3376 1355 3449 innuit
1389 3375 1468 3448 fore
1503 3392 1545 3448 ut
1579 3375 1719 3473 ubique
1744 3375 1910 3448 carmina
1935 3401 2003 3449 sua

503 3502 679 3602 legantur
712 3505 844 3601 eisque
879 3504 980 3576 serae
1017 3500 1256 3599 incultaeque
1293 3501 1466 3574 nationes
1492 3501 1541 3573 ad
1567 3500 1840 3573 humanitatem
1868 3503 2003 3600 perdu-

503 3647 656 3715 cantur,
684 3647 812 3703 tamen
840 3629 1058 3725 propositae
1084 3626 1377 3724 comparationis
1403 3651 1478 3698 non
1506 3626 1559 3698 ita
1576 3626 1762 3698 inmemor
1774 3651 1857 3698 esse
1870 3627 2002 3700 debuit

503 3772 544 3826 ut
580 3755 675 3828 duas
709 3780 769 3826 res
805 3753 974 3826 diuersas
1008 3752 1279 3825 commisceret.
1320 3775 1406 3823 nam
1442 3767 1484 3823 ut
1520 3760 1668 3823 noscent
1698 3766 1790 3846 apta
1815 3768 2001 3848 grataque

501 3879 752 3975 ambiguitate
790 3895 829 3950 et
867 3877 1044 3950 uidebant
1080 3893 1118 3949 et
1154 3876 1277 3974 legent
1309 3874 1505 3972 exprimit,
1547 3875 1600 3947 ita
1631 3875 1744 3948 discet
1777 3875 2000 3948 uocabulum

503 4004 705 4099 imaginem
746 4001 844 4074 illam
880 4002 989 4075 foede
1026 4001 1177 4073 descrit.
1218 4018 1258 4073 et
1293 3999 1404 4072 uideo
1440 3999 1554 4072 etiam
1590 4000 1787 4072 Lehrsium
1821 4000 1893 4073 alia
1919 4001 2001 4074 sine

502 4127 582 4199 iure
617 4144 819 4200 uexantem
855 4127 925 4199 hoc
961 4144 1088 4199 tamen
1125 4150 1213 4197 uere
1248 4124 1444 4221 exagitare
1479 4124 1628 4197 Horatii
1665 4125 1722 4196 sui
1758 4151 1794 4221 p.
1827 4124 1915 4198 XCI
1943 4125 2000 4198 his

502 4252 645 4325 uerbis:
672 4253 751 4325 ez'ne
776 4251 953 4325 vt'cller'clzt
976 4249 1056 4350 frtr
1090 4251 1218 4322 selenen
1239 4250 1434 4348 gelrallene
1464 4247 1673 4349 Confusz'on
1705 4249 1884 4322 awzschen
1917 4249 1998 4322 dem

501 4377 835 4450 Schwanlzoratr'us
870 4377 953 4448 und
982 4376 1063 4447 dem
1099 4373 1529 4448 Gedz'cttbuclztoran'us.
1570 4399 1639 4446 nec
1665 4373 1787 4445 minus
1813 4375 1998 4447 absonum

500 4523 578 4586 est,
619 4527 733 4574 unam
772 4500 871 4573 illam
909 4517 1065 4597 gentem
1105 4525 1196 4596 prae
1234 4498 1370 4572 ceteris
1409 4515 1602 4596 tamquam
1642 4497 1810 4571 discendi
1838 4499 1998 4594 peritam

500 4626 751 4724 cuqidamque
786 4625 845 4697 hic
880 4625 1014 4697 efferri.
1055 4624 1191 4721 quibus
1227 4623 1436 4696 rationibus
1467 4623 1641 4696 omnibus
1668 4624 1739 4695 hoc
1764 4639 1909 4695 certum
1936 4622 1996 4708 fit,

499 4749 648 4823 latitare
683 4750 720 4822 in
757 4749 874 4821 uerbo
908 4749 1021 4821 discet
1058 4749 1237 4821 mendum
1263 4748 1427 4846 grauius.
1464 4765 1504 4822 et
1529 4746 1708 4844 quoniam
1735 4746 1825 4820 illud
1852 4758 2000 4820 noscent

499 4875 547 4946 ad
581 4874 708 4946 omnia
740 4873 923 4947 orationis
958 4874 1127 4945 membra
1163 4873 1305 4969 pariter
1340 4889 1491 4970 spectat
1527 4872 1584 4970 (cs.
1621 4897 1678 4944 ex.
1716 4896 1772 4968 gr.
1800 4872 1859 4944 od.
1888 4873 1902 4944 I
1931 4895 1995 4964 30,

499 5000 596 5089 4-8
624 4998 661 5070 in
689 4999 813 5071 medio
841 4998 1106 5095 interpositum
1132 5023 1332 5070 commune
1358 4999 1515 5070 uerbum
1533 4996 1777 5093 properent),
1814 4996 1996 5069 uocabulo

499 5140 676 5219 corrupto
711 5123 950 5195 obscuratam
982 5138 1194 5195 statuemus
1229 5147 1328 5206 rem,
1367 5121 1472 5194 cuius
1509 5120 1642 5193 Hiberi
1678 5120 1758 5192 iure
1785 5121 1996 5219 meritoque

498 5247 672 5320 dicantur
705 5247 838 5343 periti,
873 5247 1210 5345 quaerendumque
1244 5247 1316 5319 erit
1342 5246 1483 5344 aliquid
1509 5271 1584 5343 quo
1610 5269 1732 5342 aeque
1758 5270 1801 5317 ac
1828 5244 1995 5342 reliquae

496 5388 633 5468 gentes
670 5371 838 5444 breuiter
864 5370 914 5443 illi
940 5389 1126 5468 acuteque
1152 5371 1435 5444 adumbrentur.
1477 5371 1605 5467 itaque
1632 5370 1706 5441 hau
1732 5369 1808 5441 scio
1834 5393 1882 5442 an
1909 5369 1995 5442 His-

497 5521 617 5592 panos
644 5495 805 5568 metallis
831 5496 1052 5569 exercendis
1078 5494 1198 5568 claros
1226 5495 1279 5569 ita
1303 5495 1561 5592 designauerit
1587 5495 1767 5590 scriptor:

1031 5666 1079 5706 me
1100 5647 1209 5723 peritus
1229 5649 1318 5707 Ditis
1340 5644 1444 5705 Hiber.

495 5782 544 5854 ad
570 5806 668 5878 quae
695 5781 930 5854 inlustranda
955 5780 1095 5853 faciunt
1122 5780 1239 5852 uerba
1264 5778 1377 5851 Statii
1403 5777 1485 5851 silu.
1501 5778 1553 5850 IV
1572 5798 1613 5870 7,
1632 5801 1675 5869 14
1689 5801 1770 5874 sqq.
1789 5777 1993 5850 Dalmatae

496 5916 653 5992 montes,
680 5906 744 5978 ubi
767 5907 859 5978 Dite
884 5905 965 5979 urio
981 5904 1152 6000 pullarius
1168 5902 1300 6004 fossor
1324 5905 1425 5977 redit
1446 5913 1622 5999 erutoque
1646 5902 1810 5974 concolor
1833 5927 1940 5974 auro.
