5182 7396
1179 971 1286 1066 ‘23

515 1209 643 1266 autem
668 1193 811 1290 aliquid
836 1194 885 1267 ad
910 1194 1126 1291 augendam
1152 1219 1332 1294 magnam
1351 1193 1558 1295 fortunam
1572 1195 1747 1283 conferri,
1761 1196 1793 1269 si
1808 1195 2012 1294 praecipua

515 1317 617 1391 orbis
644 1333 828 1390 terrarum
855 1343 943 1414 pars
969 1343 1109 1391 nomen
1135 1318 1314 1415 Europae
1339 1319 1499 1393 ductura
1524 1319 1690 1393 dicatur:

995 1525 1046 1574 tua
1067 1517 1160 1574 lectus
1181 1511 1260 1574 orbis
1281 1512 1404 1574 nomina
1424 1515 1522 1576 ducet.

514 1689 624 1762 hctus
651 1715 720 1786 pro
743 1691 893 1778 ψοίας,
921 1707 963 1763 ut
988 1716 1046 1764 ex.
1073 1717 1129 1788 gr.
1156 1690 1332 1764 carminis
1357 1690 1558 1765 saecularis
1585 1720 1619 1765 u.
1646 1698 1679 1766 6.

1155 1997 1368 2007 ———

589 2216 711 2314 Epod.
740 2240 778 2304 -1,
811 2237 850 2311 15
878 2242 934 2314 sq.
963 2217 1055 2290 haec
1081 2233 1215 2291 extant
1241 2217 1279 2288 in
1305 2216 1515 2291 codicibus:

915 2397 1030 2474 Roget,
1051 2407 1134 2455 tuum
1156 2396 1288 2456 laborem
1310 2393 1382 2470 quid
1404 2393 1502 2454 iuuem
1525 2413 1608 2468 meo,

1036 2493 1157 2554 Inbellis
1176 2512 1212 2553 ac
1234 2494 1334 2552 firmus
1354 2494 1482 2569 parum?

515 2651 648 2724 uitium
684 2652 881 2726 metricum
917 2651 971 2727 ita
1005 2652 1093 2726 inde
1127 2678 1150 2726 a
1183 2651 1376 2725 Glareano
1410 2651 1645 2726 sustulerunt
1680 2669 1722 2727 ut
1756 2678 1825 2750 pro
1850 2654 2011 2727 laborem

515 2777 766 2851 rescriberent
789 2779 922 2851 labore.
949 2779 1018 2851 sed
1043 2804 1156 2876 quam
1182 2777 1290 2851 facile
1316 2804 1364 2851 ex
1377 2777 1593 2851 aecusatiuo
1606 2778 1766 2851 haberem
1779 2778 2012 2876 cogitatione

513 2902 562 2975 ad
589 2927 665 2975 nuo
692 2901 899 2999 repetimus
924 2901 1151 2989 ablatiuum,
1179 2917 1257 2976 tam
1284 2901 1435 2975 difficile
1461 2927 1572 2976 uersa
1598 2901 1681 2975 uice
1706 2902 1744 2975 in
1766 2902 1836 2976 hac
1849 2901 2011 2977 lectione

514 3037 622 3100 tuum
656 3027 780 3100 lobon
812 3026 909 3123 quid
938 3025 1063 3100 z'umm
1097 3053 1174 3100 mm
1207 3053 1255 3100 ex
1281 3025 1448 3100 ablatiuo
1475 3026 1689 3124 postposito
1714 3028 1764 3100 ad
1790 3027 1893 3124 prius
1920 3026 2011 3101 illud

513 3161 621 3224 tuum
655 3148 985 3247 subintellegimus
1018 3151 1283 3225 accusatiuum.
1333 3151 1508 3224 nimirum
1540 3176 1616 3225 non
1643 3150 1866 3225 uiolentiore
1892 3166 2011 3224 muta·

514 3275 618 3350 tione
667 3276 770 3374 (nam
818 3274 923 3348 lenes
969 3275 1182 3349 huiusmodi
1227 3276 1542 3374 transpositiones
1579 3276 1618 3349 in
1656 3276 1792 3374 quouis
1828 3275 2012 3372 scriptore

513 3402 741 3500 euenerunt)
770 3400 925 3475 meliora
951 3399 1264 3496 reciperabimus:

914 3582 1030 3658 Roges‚
1050 3579 1182 3640 laborem
1203 3577 1276 3656 quid
1296 3587 1383 3639 tuum
1405 3576 1504 3640 iuuem
1524 3597 1609 3654 meo,

513 3764 590 3836 quo
615 3756 654 3812 et
681 3738 771 3813 illud
797 3740 985 3814 lucramur
1009 3740 1112 3837 quod
1139 3725 1261 3813 uicina
1287 3739 1362 3812 iam
1383 3749 1495 3812 tuum
1521 3755 1562 3813 et
1586 3764 1663 3812 mo
1689 3738 1832 3813 maiore
1858 3763 1943 3812 cum
1970 3737 2008 3810 ui

514 3863 614 3937 inter
637 3889 679 3937 se
704 3881 962 3962 opponuntur.

587 3988 731 4061 ibidem
762 4010 922 4082 17—22:

953 4141 1062 4204 Comes
1082 4140 1196 4202 minore
1217 4161 1282 4201 sum
1302 4142 1417 4201 futurus
1437 4139 1467 4200 in
1489 4151 1586 4216 metu,

1032 4237 1092 4315 Qui
1114 4237 1208 4299 maior
1227 4239 1363 4300 absentes
1382 4238 1486 4299 habet:

953 4338 996 4397 Ut
1015 4335 1152 4398 adsidens
1172 4336 1354 4414 inplumibus
1374 4335 1462 4413 pullis
1480 4335 1545 4396 suis

1032 4434 1218 4512 Serpentium
1238 4436 1376 4512 adlapsus
1396 4433 1481 4495 timet

952 4533 1049 4612 Magis
1069 4531 1192 4608 relictis,
1213 4551 1275 4593 non
1296 4545 1329 4592 ut
1348 4531 1425 4593 adsit
1444 4531 1535 4594 auxili

1034 4634 1141 4691 latura
1161 4631 1227 4708 plus
1247 4630 1457 4708 praesentimus.

513 4843 547 4889 u.
577 4840 618 4890 21
656 4843 731 4890 non
766 4827 810 4890 ut
840 4817 942 4890 adsit
973 4816 1011 4889 in
1046 4818 1221 4890 omnibus
1254 4817 1365 4890 bonis
1400 4816 1504 4889 libris
1531 4815 1708 4903 traditur,
1739 4841 1935 4914 praueque
1960 4841 2008 4890 ex

512 4941 650 5015 nullius
676 4942 788 5040 pretii
814 4941 1004 5015 codicibus
1030 4942 1245 5016 adsciscunt
1270 4941 1330 5014 uti
1351 4942 1411 5014 sil.
1438 4942 1509 5015 sed
1531 4940 1631 5014 iusta
1645 4941 1847 5014 uerborum
1861 4939 2008 5014 illorum

512 5066 714 5164 explicatio
748 5067 925 5141 cohaeret
960 5091 1046 5139 cum
1078 5066 1235 5141 alterius
1268 5065 1502 5140 difficultatis
1528 5064 1764 5140 tractatione.
1806 5091 1894 5140 nam
1919 5065 2009 5164 quia

511 5192 611 5278 auis,
646 5217 744 5289 quae
778 5191 920 5265 assidet
954 5191 1195 5288 custoditque
1222 5189 1365 5288 pullos,
1400 5215 1476 5264 non
1502 5189 1612 5262 simul
1639 5190 1835 5288 reliquisse
1860 5206 2007 5288 potest,

512 5315 602 5389 illud
639 5316 764 5416 magis
801 5316 939 5389 relictis
976 5333 1078 5390 stare
1117 5316 1260 5414 nequit.
1313 5315 1477 5413 Gogauii
1517 5341 1608 5388 uero
1646 5315 1844 5388 inuentum
1882 5314 2008 5388 nu'nus

511 5441 648 5515 relictis
686 5465 820 5538 parum
860 5441 1009 5526 iuuare,
1049 5457 1152 5514 recte
1190 5441 1371 5514 admonet
1407 5439 1701 5537 Peerlkampius.
1741 5438 1873 5537 utique
1906 5438 2007 5512 enim

511 5565 615 5638 tim!
638 5565 764 5639 minus
788 5591 903 5663 quam
929 5565 1068 5639 relictis
1098 5564 1188 5662 (scil.
1217 5566 1340 5664 timet)
1369 5565 1518 5663 flagitat
1542 5563 1728 5652 latinitas;
1756 5587 2007 5661 nequequam

510 5690 563 5764 sic
598 5690 751 5787 quidem
777 5690 905 5764 omissi
932 5689 1048 5762 ullum
1073 5689 1244 5788 suppetit
1269 5689 1497 5788 exemplum.
1534 5714 1647 5787 porro
1673 5712 1748 5762 non
1775 5687 2007 5761 laudauerim

332 5915 336 5922 ¹
394 5899 397 5904 ¹
510 5814 568 5888 bis
594 5815 728 5889 eodem
755 5816 868 5890 modo
894 5814 966 5888 dici
991 5815 1136 5888 minore
1159 5815 1201 5888 in
1220 5825 1319 5887 melu
1333 5832 1373 5888 et
1385 5815 1490 5888 timet
1500 5814 1645 5888 nultus:
1660 5813 1786 5910 potuit
1798 5811 2007 5910 debuitque

510 5938 611 6012 enim
646 5965 716 6036 par
748 5965 881 6014 sensus
918 5939 1078 6013 diuersis
1113 5939 1238 6012 uerbis
1264 5938 1435 6036 exprimi.
1463 5938 1588 6036 ipsum
1613 5954 1742 6012 autem
1768 5935 1858 6010 illud
1883 5935 2007 6036 magis
