5182 7396
1351 998 1372 1068 6

609 1199 721 1296 fingi,
753 1198 958 1271 accedente
984 1197 1033 1271 ad
1059 1197 1156 1271 hanc
1181 1196 1430 1293 cupiditatem
1458 1213 1650 1294 tamquam
1678 1195 1832 1268 minoris
1858 1194 2040 1268 momenti
2068 1220 2108 1268 re

608 1323 846 1420 paupertatis
871 1321 971 1419 fuga.
1012 1346 1110 1418 quae
1137 1337 1294 1394 naturae
1326 1320 1685 1417 consuetudinisque
1711 1319 1768 1392 uis
1794 1345 1879 1392 cum
1905 1336 2107 1416 appareat,

608 1448 640 1520 si
675 1447 796 1521 solum
834 1447 977 1521 tamdiu
1013 1463 1183 1520 metuere
1217 1446 1354 1520 dicitur
1389 1464 1505 1520 nauta
1539 1445 1718 1544 quamdiu
1752 1445 1868 1519 instat
1894 1460 2109 1543 urguetque

608 1571 817 1669 periculum
850 1596 1026 1659 saeuum,
1054 1588 1103 1663 ¹et
1141 1569 1343 1644 Horatium
1379 1570 1574 1667 scripsisse
1599 1586 1639 1643 et
1666 1569 1965 1666 Porphyrionem
1992 1569 2030 1642 in
2056 1569 2109 1642 in-

610 1697 859 1794 terpretando
884 1697 933 1771 ob
960 1696 1088 1771 oculos
1114 1696 1291 1770 habuisse
1318 1713 1411 1793 puto
1438 1696 1573 1770 haece:

1091 1877 1234 1936 Luctante
1254 1875 1356 1936 Icariis
1376 1875 1514 1937 fluctibns
1535 1875 1634 1936 Atrico

1090 1975 1240 2034 Mercator
1260 1985 1401 2035 metuens.

611 2159 698 2207 nam
735 2145 899 2208 metuens
933 2133 1109 2209 absolute
1137 2135 1195 2232 (ut
1220 2135 1322 2231 apud
1348 2134 1535 2231 optimum
1561 2159 1753 2232 quemque
1777 2133 2015 2230 scriptorem)
2045 2155 2109 2228 po-

610 2260 726 2333 situm
761 2259 867 2333 facile
903 2260 1098 2334 indoctum
1132 2258 1297 2357 aliquem
1328 2258 1523 2332 librarium
1549 2259 1755 2331 commouit
1779 2259 1828 2331 ad
1853 2255 2108 2332 accusatiuum

611 2408 697 2457 cum
725 2385 842 2458 uerbo
868 2384 931 2458 illo
956 2385 1074 2459 artius
1100 2385 1368 2459 cohaerentem
1396 2383 1683 2457 restituendum.
1715 2382 1849 2456 eadem
1875 2398 2003 2476 autem
2029 2407 2110 2455 ora-

613 2508 725 2580 tionis
751 2507 872 2582 forma
897 2508 1057 2607 legimus
1082 2526 1152 2583 sat.
1181 2509 1195 2580 Ι
1227 2533 1264 2594 1,
1291 2513 1314 2580 6
1343 2507 1465 2604 (cuius
1491 2507 1666 2581 carminis
1692 2507 1841 2581 initium
1867 2533 1952 2580 cum
1979 2522 2110 2579 nostro

612 2649 791 2730 poemate
828 2634 1124 2730 comparandum
1163 2658 1247 2707 esse
1283 2633 1357 2705 iam
1391 2657 1506 2728 supra
1541 2632 1706 2730 monui):
1740 2641 1871 2706 contra
1905 2642 2108 2718 mrcator,

613 2758 745 2830 κακίω
769 2757 992 2830 ructantibus
1016 2758 1179 2843 austras,
1205 2757 1349 2829 'militia
1374 2765 1430 2828 est
1444 2756 1591 2852 potior.⁸

689 3191 865 3266 Fluctuat
890 3192 1014 3266 adhuc
1038 3192 1079 3265 in
1105 3193 1273 3266 carmine
1299 3195 1314 3266 Ι
1339 3199 1362 3266 6
1389 3194 1585 3267 doctorum
1599 3192 1791 3267 sententia
1803 3193 1852 3266 de
1877 3219 1937 3264 uu.
1957 3197 2109 3286 13-16.

616 3316 753 3413 partim
801 3317 901 3389 enim
952 3315 1256 3414 Peerlkampium
1295 3317 1392 3391 hanc
1429 3318 1627 3415 stropham
1664 3315 1775 3391 obelo
1815 3333 2012 3391 notantem
2050 3315 2110 3388 uel

616 3441 823 3538 prudentes
850 3441 1022 3514 homines
1048 3441 1148 3515 haud
1174 3459 1334 3539 grauate
1359 3459 1451 3516 sunt
1474 3442 1613 3529 secuti,
1641 3442 1780 3539 partim
1805 3441 2014 3516 defendunt
2034 3441 2111 3514 suis

615 3565 776 3663 quisque
803 3565 1021 3639 ratiunculis
1048 3566 1128 3639 nisi.
1156 3582 1196 3639 et
1222 3583 1369 3640 ceteros
1392 3567 1546 3665 quidem
1558 3564 1754 3663 scrupulos
1772 3582 1882 3640 acute
1897 3582 2020 3639 motos
2035 3591 2111 3638 non

499 3783 504 3794 ¹
615 3691 712 3765 tanti
738 3715 823 3764 esse
848 3691 1030 3764 momenti
1057 3689 1233 3764 lubenter
1254 3691 1506 3764 concedimus.
1534 3717 1600 3764 cur
1613 3691 1840 3764 Diomedem
1850 3690 2112 3764 etMerionem

616 3840 664 3887 ex
698 3813 870 3911 personis
905 3813 1117 3888 Homericis
1156 3831 1271 3912 poeta
1300 3814 1460 3912 elegerit
1487 3832 1682 3913 tamquam
1709 3815 1859 3888 uirtutis
1884 3815 2110 3912 specimina,

617 3939 701 4036 quis
735 3940 834 4012 bene
858 3964 974 4012 sanus
1000 3939 1112 4012 hodie
1138 3938 1344 4013 diiudicet?
1377 3940 1484 4013 nobis
1513 3940 1759 4037 postgenitis,
1786 3939 1851 4038 qui
1877 3940 1970 4037 quid
1996 3941 2113 4014 Grae-

618 4089 745 4136 corum
772 4063 868 4160 epici
896 4080 983 4160 post
1010 4063 1219 4137 Homerum
1246 4064 1421 4161 uigentes
1447 4064 1486 4138 in
1511 4063 1584 4137 illis
1610 4064 1870 4138 describendis
1895 4065 1966 4138 sibi
1994 4064 2113 4138 indul·

617 4187 737 4261 serint
771 4187 1001 4275 nesciamuS,
1040 4188 1133 4261 satis
1156 4205 1239 4262 esto
1264 4187 1384 4262 altero
1410 4214 1564 4286 quoque
1590 4188 1671 4262 loco
1699 4188 1774 4285 (od.
1803 4189 1817 4260 Ι
1848 4211 1911 4283 15,
1940 4194 1986 4262 26
2011 4191 2110 4288 sqq.)

619 4311 688 4384 hos
713 4311 809 4384 duos
835 4311 970 4386 heroas
995 4313 1128 4386 sociari
1155 4311 1386 4410 laudarique.
1414 4338 1645 4411 quamquam
1671 4314 1742 4387 hoc
1768 4331 1870 4387 recte
1889 4313 2113 4412 intellegere
2208 4369 2209 4373 η

620 4435 709 4509 mihi
736 4435 885 4522 uideor,
912 4437 1196 4534 comparatione
1223 4437 1261 4509 in
1287 4436 1446 4535 singulis
1472 4463 1549 4511 non
1576 4437 1687 4511 nimis
1713 4439 1911 4536 urguenda
1935 4438 2113 4536 Tydiden

618 4560 766 4658 superis
800 4586 930 4657 parem
964 4586 1040 4634 non
1074 4560 1189 4634 alium
1221 4562 1293 4635 dici
1319 4587 1433 4659 quam
1460 4562 1584 4659 ipsum
1610 4561 1849 4660 Augustum,
1876 4563 1934 4637 cui
1959 4564 2115 4637 accedat

620 4684 797 4782 Agrippa
822 4701 1017 4783 tamquam
1044 4686 1236 4760 Meriones
1262 4685 1420 4784 puluere
1445 4687 1619 4760 sordidus
1637 4688 1676 4785 ¹).
1708 4688 1802 4761 haec
1828 4688 1945 4785 igitur
1967 4687 2117 4786 aliaque

619 4808 769 4883 obiecta
804 4809 938 4906 (ueluti
973 4810 1086 4909 degas
1118 4811 1313 4908 scripserit
1345 4811 1455 4884 nimis
1482 4836 1635 4908 prosam
1660 4812 1871 4886 orationem
1897 4839 2050 4910 sapere:
2077 4830 2118 4887 at

620 4933 663 5006 cf.
703 4960 761 5007 ex.
801 4961 856 5031 gr.
894 4934 975 5008 laus
1003 4935 1147 5008 Pisonis
1172 4937 1220 5008 68
1245 4936 1330 5032 quis
1355 4936 1468 5035 degne
1491 4935 1652 5037 referat)
1680 4935 1806 5024 facile,
1835 4954 1876 5011 ut
1901 4937 1999 5024 dixi,
2027 4937 2117 5011 tole-

622 5075 771 5143 rantur;
797 5060 866 5131 sed
892 5059 930 5131 in
957 5084 1003 5132 eo
1029 5060 1334 5156 comprobandus
1360 5077 1419 5133 est
1446 5059 1729 5158 Peerlkampius
1754 5063 1857 5158 quod
1883 5062 1980 5136 hanc
2005 5063 2118 5136 inter·

622 5182 859 5280 rogationem
884 5183 969 5280 quis
994 5184 1107 5283 digne
1127 5184 1323 5281 smpserz't
1341 5185 1524 5258 absonam
1545 5185 1824 5283 absurdamque
1846 5186 2116 5283 pronuntiauit.

622 5307 727 5380 cuius
760 5332 914 5393 sensuS,
950 5322 992 5380 ut
1026 5324 1065 5381 et
1101 5309 1197 5382 ratio
1230 5325 1270 5382 et
1307 5307 1482 5406 exempla
1515 5309 1655 5382 docent
1679 5325 1878 5396 sexcenta,
1905 5310 1964 5384 hic
1990 5328 2118 5408 potest

623 5457 706 5506 esse
741 5431 890 5505 unicus:
928 5456 1040 5505 nemo
1072 5432 1189 5530 digne
1213 5433 1364 5507 scribet.
1392 5459 1535 5531 ergone
1562 5459 1610 5507 ne
1637 5433 1776 5507 Varius
1800 5435 1954 5533 quidem
1979 5437 2119 5511 scribet

623 5556 758 5653 digne,
799 5556 898 5629 idem
934 5557 1093 5643 Varius,
1132 5558 1181 5631 ad
1208 5583 1322 5656 quem
1350 5573 1543 5656 tamquam
1569 5558 1744 5632 carminis
1772 5558 1963 5633 Homerici
1988 5559 2118 5634 alitem

687 5869 710 5951 ¹)
730 5868 780 5930 alii
801 5871 967 5948 Augustum
988 5871 1044 5931 sub
1064 5869 1168 5930 Martis
1188 5889 1329 5947 persona,
1350 5871 1405 5931 sub
1417 5869 1570 5932 Diomedis
1582 5870 1746 5950 Agrippam
1759 5871 1916 5950 significari
1927 5871 2103 5933 existumant
2110 5894 2118 5948 ;

624 5969 676 6029 sed
696 5967 769 6046 quid
790 5977 853 6028 tum
873 5969 924 6029 fiet
944 5967 1095 6029 Merioni?
1115 5987 1211 6044 neque
1232 5967 1306 6028 illud
1325 5972 1445 6046 superis
1459 5980 1571 6046 parem
1591 5979 1660 6046 apte
1680 5969 1788 6030 dicitu
1807 5971 1846 6031 de
1866 5969 2007 6048 Agrippa
