5182 7396
670 1178 1060 1264 Od.11111,2—8:

1061 1302 1170 1381 Tuque
1191 1303 1307 1363 testudo
1329 1321 1464 1364 resonare
1483 1314 1595 1380 septem

1201 1398 1317 1462 Callida
1338 1399 1451 1475 neruis,
1538 1435 1540 1440 ·

1061 1499 1126 1558 Nec
1147 1499 1256 1576 loquax
1277 1497 1349 1559 olim
1371 1517 1468 1575 neque
1487 1507 1585 1576 grata,
1607 1508 1737 1558 nuncet

1061 1595 1196 1656 Diuitum
1217 1594 1325 1657 mensis
1344 1606 1374 1657 et
1393 1594 1491 1656 amica
1510 1593 1643 1673 templis,

1060 1693 1119 1754 Dic
1140 1695 1261 1768 modos,
1283 1696 1367 1771 Lyde
1387 1692 1495 1773 quibus
1515 1693 1677 1755 obstinatas

1202 1791 1344 1870 Adplicat
1363 1811 1455 1853 aures.

598 1925 630 1998 si
666 1912 750 1998 cum
789 1924 1053 2023 Peerlkampio
1083 1927 1233 2024 quaeris
1271 1952 1337 1999 cur
1363 1927 1516 1999 testudo
1543 1952 1667 2024 neque
1693 1924 1833 2024 loquax
1859 1924 1947 2000 olim
1975 1952 2099 2024 neque

598 2068 710 2148 grata
742 2067 918 2136 uocetur,
954 2075 1028 2147 ego
1055 2050 1256 2123 Horatium
1284 2076 1359 2122 non
1388 2051 1505 2124 uerba
1531 2050 1657 2123 inania
1683 2051 1815 2124 iecisse
1840 2051 2098 2147 respondebo,

598 2176 667 2248 sed
694 2175 787 2248 haec
813 2176 851 2248 in
879 2201 957 2248 rem
983 2191 1076 2272 apta
1101 2201 1185 2247 cum
1213 2175 1295 2247 ioco
1321 2175 1481 2247 dixisse:
1509 2191 1570 2260 tu,
1593 2176 1951 2260 otestud0,duram
1965 2176 2098 2271 Lyden

600 2299 691 2371 mihi
719 2298 859 2384 mulce;
887 2300 959 2372 scis
985 2299 1086 2371 enim
1113 2299 1204 2395 quid
1230 2298 1280 2371 sit
1305 2301 1439 2372 surdas
1464 2323 1575 2373 aures
1591 2299 1732 2372 habere
1745 2299 1945 2398 gratiaque
1958 2325 2098 2373 carere.

599 2425 667 2496 sed
705 2423 736 2496 si
775 2424 909 2496 eodem
949 2440 1103 2497 auctore
1142 2449 1189 2496 ex
1225 2449 1285 2496 me
1321 2423 1532 2520 interrogas
1567 2425 1757 2521 quomodo
1793 2424 1867 2497 iam
1900 2425 2101 2523 sequentia

598 2573 699 2621 nunc
731 2558 768 2620 el
799 2549 961 2621 dz'uz'lum
999 2549 1134 2621 mensm
1168 2559 1205 2621 el
1236 2549 1356 2621 amica
1389 2549 1534 2645 templis
1568 2548 1792 2646 explicanda
1817 2566 1968 2646 putem,
2008 2550 2100 2647 quid

600 2673 668 2746 tibi
694 2673 894 2747 exhibeam
922 2673 1067 2746 nescio:
1094 2674 1191 2747 adeo
1218 2674 1311 2747 haec
1337 2674 1430 2747 mire
1456 2691 1545 2748 sunt
1573 2675 1674 2747 dicta
1697 2700 1773 2748 non
1793 2675 1914 2748 solum
1931 2675 1984 2774 (id
1997 2677 2100 2772 quod

601 2797 885 2895 Peerlkampius
925 2800 1076 2896 urguet)
1118 2798 1167 2870 ob
1206 2798 1382 2871 omissam
1420 2824 1552 2872 uocem
1585 2801 1758 2885 dearum,
1794 2825 1909 2898 quam
1944 2816 2102 2898 propter
2146 2825 2150 2833 ·

599 2923 761 2996 dr'uz'lum
801 2948 924 3019 paene
963 2923 1112 3020 flagites
1151 2921 1201 2995 illi
1242 2925 1385 3019 templis
1420 2925 1609 3009 additam,
1650 2925 1718 2997 sed
1753 2925 1874 3022 magis
1909 2925 2024 2998 etiam
2051 2925 2100 2998 ob

602 3047 722 3144 ipsam
762 3072 851 3119 rem.
905 3073 1003 3145 quae
1044 3047 1144 3120 enim
1183 3046 1359 3120 humilior
1397 3049 1710 3146 inportuniorque
1748 3048 1853 3146 lyrae
1892 3048 1973 3122 laus
2009 3050 2099 3147 fingi

600 3188 730 3269 potest
768 3197 882 3269 quam
921 3171 1104 3244 inseruire
1144 3196 1227 3245 eam
1267 3171 1460 3245 homiuum
1500 3172 1661 3245 diuitum
1693 3172 1963 3247 delectationi?
2002 3200 2101 3271 quae

498 3320 505 3334 ·
600 3313 732 3370 contra
782 3297 884 3392 prior
931 3295 1131 3394 potiorque
1179 3296 1350 3370 eiusdem
1390 3297 1621 3393 praedicatio
1660 3322 1773 3394 quam
1812 3324 1887 3395 qua
1926 3299 2014 3372 inde
2051 3301 2100 3373 ab

601 3421 806 3494 Homerico
843 3419 905 3493 illo
939 3427 1124 3520 φόρμιγξ...
1158 3433 1192 3499 ἣν
1224 3434 1284 3520 ἄρα
1315 3425 1391 3495 δαιτὶ
1413 3433 1472 3496 θεοὶ
1504 3439 1627 3500 ποίησαν
1650 3434 1765 3522 ἑταίραν
1797 3447 1929 3496 omnes
1964 3441 2101 3520 poetae

600 3547 773 3622 certatim
812 3545 948 3642 chelyn
974 3545 1220 3620 extulerunt?
1260 3548 1360 3619 unde
1399 3573 1456 3620 ex.
1492 3573 1548 3644 gr.
1587 3547 1769 3620 Horatius
1804 3549 1863 3620 od.
1901 3549 1915 3620 Ι
1952 3571 2016 3642 32,
2059 3573 2099 3642 13

599 3671 758 3767 dapibus
788 3671 960 3767 supremi
985 3682 1107 3770 grata
1141 3671 1281 3744 testudo
1306 3673 1413 3745 Iouis
1444 3689 1483 3745 et
1509 3672 1758 3746 Germanicus
1784 3673 1822 3744 in
1849 3674 2003 3747 Arateis
2031 3694 2102 3768 270

600 3797 687 3892 lyra
722 3795 919 3868 Mercurio
944 3795 1092 3879 dilecta,
1129 3795 1283 3869 deorum
1308 3797 1526 3891 plurimum
1562 3798 1681 3869 amica
1706 3797 1834 3893 epulis.
1870 3823 1968 3894 quae
1996 3825 2102 3895 prae-

602 3921 713 4018 cipua
752 3920 953 3993 testudinis
990 3919 1112 4017 gloria
1149 3945 1215 3992 cur
1250 3920 1299 3992 ibi
1334 3919 1485 4006 siletur,
1523 3921 1586 3993 ubi
1621 3923 1669 3994 ad
1705 3920 1803 3995 illam
1830 3922 2101 3996 conciliandam

602 4045 772 4119 adhiberi
809 4045 934 4141 potuit
959 4044 1245 4118 efficacissime?
1274 4045 1328 4117 sic
1353 4046 1444 4117 dum
1470 4045 1665 4142 scrupulos
1692 4062 1730 4119 et
1757 4047 1794 4118 in
1822 4047 1941 4120 forma
1968 4073 2102 4122 manca

603 4186 642 4242 et
668 4169 706 4241 in
733 4194 774 4242 re
800 4169 944 4266 positos
971 4171 1167 4267 perpendo
1194 4170 1339 4254 anim0,
1375 4170 1542 4243 adducor
1569 4187 1609 4242 ut
1635 4171 1773 4244 diuites
1799 4170 1990 4268 expulisse
2009 4174 2101 4245 deos

601 4310 768 4367 statuam
794 4293 1015 4392 legamque:

1059 4419 1211 4480 Caelitum
1233 4419 1341 4481 mensis
1360 4431 1390 4480 et
1409 4420 1507 4480 amica
1526 4419 1653 4498 templis.

602 4579 740 4652 erroris
766 4595 893 4652 autem
920 4602 1034 4652 causa
1059 4578 1172 4651 fuisse
1200 4579 1351 4653 uidetur
1377 4579 1536 4676 proximi
1565 4606 1696 4653 uersus
1723 4581 1870 4654 initium
1895 4583 1953 4655 dic
1978 4584 2099 4668 rnodo;

602 4704 650 4776 ad
677 4705 779 4801 quod
806 4703 922 4777 oculis
948 4705 1129 4777 aberrans
1156 4703 1327 4777 librarius
1354 4704 1489 4777 uitiose
1515 4705 1677 4777 diuz'lum
1704 4732 1773 4802 pro
1798 4708 1969 4779 caelitum
1983 4709 2099 4780 dedit.

603 4854 717 4926 quem
745 4845 875 4901 notum
903 4854 1073 4902 errorum
1100 4827 1242 4901 sontem
1270 4846 1312 4901 ut
1337 4827 1419 4902 aliis
1445 4828 1628 4927 exemplis
1657 4831 1765 4922 nouis
1780 4831 1981 4905 inlustrare
1994 4831 2100 4917 licet,

603 4955 657 5027 ita
683 4978 854 5050 promam
882 4950 945 5026 uhi
972 4955 1106 5026 eodem
1134 4955 1246 5026 modo
1272 4954 1353 5026 deis
1381 4953 1514 5027 iniuria
1540 4972 1598 5028 est
1614 4954 1739 5028 inlata.
1767 4957 1869 5052 apud
1885 4956 2100 5029 quenalem

603 5080 690 5151 Vlll
723 5102 784 5172 131
815 5105 898 5176 sqq.
927 5094 1061 5151 extant
1087 5079 1197 5150 haec:

965 5239 1014 5297 Tu
1035 5237 1104 5299 licet
1124 5259 1142 5298 a
1162 5238 1235 5300 Pico
1257 5259 1391 5300 numeres
1411 5259 1516 5318 genus,
1538 5242 1656 5317 altaque
1676 5240 1700 5300 si
1721 5251 1750 5300 te

965 5337 1096 5397 Nomina
1116 5337 1279 5412 delectent,
1300 5357 1420 5398 omnem
1443 5337 1584 5399 Titanida
1604 5358 1734 5416 pugnam

964 5435 1045 5494 Inter
1066 5433 1191 5496 maiores
1212 5433 1367 5512 ipsumque
1388 5437 1564 5497 Promethea
1584 5455 1694 5514 ponas,

965 5534 1011 5592 De
1032 5551 1221 5610 quocumque
1242 5533 1325 5594 uoles
1345 5553 1490 5610 proauum
1511 5533 1565 5595 tibi
1586 5534 1694 5595 sumito
1714 5534 1800 5596 libro.

606 5682 778 5756 ultimum
806 5708 956 5756 uersum
984 5701 1106 5756 totum
1134 5710 1330 5758 remouere
1357 5685 1476 5759 uoluit
1503 5686 1753 5770 Ribbeckius,
1782 5711 1851 5759 nos
1875 5685 1966 5759 nihil
1985 5713 2103 5759 remo

606 5809 773 5882 uendum
808 5808 978 5881 ducimus
1013 5808 1082 5881 nisi
1122 5834 1253 5882 uocem
1291 5827 1500 5883 extremam
1535 5811 1629 5883 libro
1663 5811 1763 5884 iusta
1789 5811 2102 5907 interpretatione

605 5948 796 6005 carentem
834 5949 1033 6032 ortamque
1067 5959 1114 6007 ex
1142 5960 1275 6006 uersus
1310 5935 1505 6032 sequentis
1540 5934 1615 6007 fine
1648 5935 1767 6008 libido.
1808 5961 1893 6008 nam
1921 5935 2102 6008 Titanum
