5182 7396
1335 937 1384 1009 24

609 1138 709 1212 bene
735 1137 973 1224 retinebitur,
1000 1141 1071 1214 hoc
1097 1139 1128 1212 si
1154 1139 1255 1212 dicet
1281 1137 1484 1211 Horatius:
1512 1135 1621 1208 timet
1645 1133 1727 1208 auis
1754 1131 2014 1217 nihilominus,
2037 1131 2106 1204 sed

611 1278 654 1336 ut
679 1263 799 1361 magis
824 1288 957 1336 secura
983 1280 1142 1362 tutaque
1167 1263 1227 1338 sit.
1268 1264 1369 1336 unde
1394 1285 1588 1360 propono:

1131 1440 1317 1519 Serpentium
1337 1439 1475 1517 adlapsus
1495 1437 1579 1499 timet

1054 1538 1150 1617 Magis
1169 1541 1289 1618 quieta,
1309 1557 1372 1600 non
1392 1549 1425 1596 ut
1445 1535 1522 1598 adsit
1541 1534 1632 1597 auxili

1133 1639 1241 1698 latura
1261 1637 1327 1714 plus
1347 1633 1556 1712 praesentibus

611 1796 931 1895 quemadmodum
965 1796 1067 1883 auis,
1105 1797 1135 1869 si
1170 1796 1320 1870 adsidet
1354 1795 1463 1881 nido,
1499 1792 1666 1892 pericula
1701 1793 1810 1866 timet
1834 1791 1962 1865 animo
1987 1789 2108 1888 magis

610 1921 764 2006 sedato,
801 1919 889 1995 licet
923 1945 999 1994 non
1034 1937 1187 2019 praesto
1221 1921 1271 1994 sit
1305 1935 1501 2016 tamquam
1536 1942 1635 2015 quae
1671 1942 1779 2002 suos,
1818 1915 1849 1989 si
1875 1913 1985 1988 simul
2012 1915 2107 2001 sint,

612 2043 698 2142 plus
735 2044 916 2118 adiuuare
954 2044 1211 2142 periclitantes
1249 2044 1389 2142 possit:
1428 2043 1481 2116 sic
1522 2041 1723 2128 HoratiuS,
1762 2041 1793 2114 si
1833 2065 1908 2113 una
1940 2041 1990 2114 sit
2024 2065 2109 2113 curn

612 2170 856 2256 Maecenate,
895 2169 1069 2267 quamuis
1103 2170 1284 2267 prodesse
1310 2167 1360 2241 illi
1388 2184 1574 2265 nequeat,
1615 2185 1742 2242 tamen
1770 2167 1914 2240 minore
1940 2165 1979 2238 in
2005 2181 2109 2237 metu

612 2310 691 2367 tam
716 2293 792 2367 cari
817 2294 953 2392 capitis
980 2309 1038 2368 est
1066 2311 1295 2368 uersaturus.

687 2782 824 2900 Epodo
859 2803 954 2876 XVI
991 2803 1172 2877 Horatius
1208 2803 1421 2876 detestatus
1453 2798 1540 2875 belli
1567 2798 1686 2874 ciuilis
1712 2798 1966 2873 calamitatem
1993 2825 2112 2897 popu-

614 2927 754 3002 laribus
800 2927 1010 3025 emigrandi
1058 2927 1250 3025 eundique
1287 2927 1336 3000 ad
1375 2925 1514 2998 insulas
1552 2924 1764 2998 fortunatas
1800 2940 1933 2998 auctor
1969 2925 2110 2997 existit.

614 3052 719 3125 cuius
745 3052 920 3126 carminis
947 3080 1007 3125 uu.
1037 3075 1082 3146 39
1108 3077 1191 3150 sqq.
1219 3051 1256 3124 hi
1282 3067 1390 3124 sunt:

935 3232 1013 3304 Vos,
1034 3229 1142 3308 quibus
1160 3240 1205 3290 est
1225 3229 1333 3304 uirtus,
1354 3227 1528 3290 muliebrem
1549 3227 1643 3290 tollite
1663 3229 1792 3301 luctum,

1076 3331 1199 3389 Etrusca
1219 3337 1333 3406 praeter
1353 3338 1383 3388 et
1404 3327 1503 3388 uolate
1523 3325 1618 3387 litora

936 3427 1000 3487 Nos
1019 3435 1120 3486 manet
1140 3426 1278 3487 Oceanus
1297 3425 1517 3504 circumuagus:
1539 3444 1628 3498 arua,
1647 3425 1733 3486 beata

1077 3525 1216 3586 Petamus
1234 3543 1321 3598 arua,
1342 3523 1448 3584 diuites
1467 3533 1497 3584 et
1517 3521 1641 3597 insilias,

937 3620 1050 3683 Reddit
1070 3619 1123 3683 ubi
1142 3641 1271 3683 cererem
1291 3623 1377 3682 tellus
1397 3620 1509 3682 inarata
1528 3619 1688 3698 quotannis

1079 3721 1117 3780 Et
1138 3719 1273 3797 inputata
1293 3719 1377 3781 floret
1398 3738 1489 3796 usque
1510 3716 1606 3779 uinea

617 3888 655 3963 in
682 3887 978 3986 interpretandis
1004 3888 1130 3960 uerbis
1155 3912 1311 3961 oceanus
1332 3887 1599 3985 cz‘rcumuagus
1623 3913 1725 3959 arua
1750 3902 1817 3960 aut
1842 3911 1889 3959 eo
1915 3911 1991 3984 quo
2013 3887 2115 3959 dedi-

619 4039 701 4087 mus
746 4014 860 4087 modo
901 4013 1219 4109 interpungentes
1253 4011 1491 4109 coniungunt
1528 4026 1594 4084 aut
1628 4036 1783 4084 oceanus
1816 4011 1956 4084 circum
1991 4037 2115 4109 uagus

616 4162 738 4210 arua:
772 4138 876 4210 beata
897 4146 1074 4233 petamus
1098 4163 1199 4210 arua
1228 4136 1325 4234 (siue
1350 4136 1490 4209 circum
1517 4161 1642 4235 uagus
1667 4161 1768 4209 arua
1793 4136 1919 4209 beata:
1939 4145 2115 4232 petamus

617 4263 746 4358 arua).
786 4261 963 4359 equidem
1000 4287 1102 4334 arua
1138 4261 1301 4346 nudum,
1342 4277 1383 4332 ut
1418 4261 1504 4333 hinc
1529 4260 1748 4357 disputandi
1776 4261 1923 4334 initium
1949 4285 2115 4346 sumam,

618 4386 657 4459 in
694 4401 856 4484 utroque
890 4411 975 4459 cum
1009 4385 1270 4460 adiacentibus
1306 4385 1482 4458 nectendi
1515 4386 1627 4458 modo
1655 4410 1773 4481 praue
1798 4410 1840 4459 se
1866 4385 2005 4458 habere
2031 4409 2116 4457 con-

620 4511 746 4585 tendo.
788 4527 829 4582 ut
863 4511 963 4584 enim
998 4509 1174 4608 exemplo
1208 4510 1300 4607 quid
1333 4509 1495 4583 sentiam
1521 4509 1800 4594 demonstrem,
1827 4509 1981 4582 Aeneas
2006 4508 2117 4582 sociis

619 4633 790 4708 laborum
824 4635 950 4708 dicere
985 4635 1129 4732 potuit:
1161 4644 1338 4731 petamus
1372 4634 1547 4719 ltaliam,
1588 4633 1745 4706 ltalzizm
1778 4634 1920 4706 baalam
1946 4631 2118 4734 satisque

619 4759 721 4832 mbis
746 4784 971 4845 comessum,
998 4759 1097 4833 iusta
1122 4757 1368 4857 legitimaque
1392 4757 1628 4855 gradatione.
1655 4758 1724 4830 sed
1750 4757 1842 4855 quid
1866 4758 1936 4831 hoc
1940 4768 2118 4854 petamus

619 4909 739 4969 arua,
765 4909 867 4956 aruo
892 4884 995 4956 beata
1012 4883 1094 4957 siue
1107 4882 1268 4980 simplex
1282 4881 1373 4956 illud
1378 4892 1555 4978 petamus
1568 4908 1670 4956 arua
1684 4881 1754 4955 sibi
1768 4881 1866 4955 uelle
1879 4881 2118 4956 statuemus?

622 5033 708 5082 nam
733 5025 773 5082 et
797 5035 899 5081 aruo
924 5008 1123 5082 cuiuslibet
1149 5025 1272 5081 terrae
1298 5023 1388 5080 sunt
1414 5023 1454 5079 et
1478 5033 1579 5080 arua
1605 5008 1708 5080 beata
1727 5031 1850 5104 aeque
1871 5023 1988 5104 atque
2001 5007 2119 5080 ltalz'rz

622 5158 697 5207 una
736 5149 795 5206 est
830 5133 1100 5231 indiuiduaque
1135 5132 1240 5207 notio
1275 5151 1327 5218 τὰς
1353 5151 1495 5230 puerpura
1523 5149 1626 5218 νήσους
1661 5131 1863 5205 Hesiodias
1889 5131 2117 5229 exprimens.

622 5258 751 5355 itaque
777 5257 807 5330 si
835 5257 1047 5331 necessario
1072 5258 1276 5332 cohaerent
1301 5284 1403 5330 arua
1427 5259 1531 5332 beato
1557 5258 1768 5354 eademque
1794 5257 2015 5354 neutiquam
2035 5281 2119 5353 pos-

621 5398 711 5454 sunt
745 5380 901 5454 indicari
927 5381 1008 5455 solo
1035 5382 1219 5456 uocabulo
1243 5408 1364 5469 arua,
1400 5381 1561 5456 alterum
1589 5399 1714 5454 utrum
1738 5407 1840 5454 arua
1867 5381 2044 5454 uitiosum
2070 5380 2120 5454 sit

622 5522 786 5604 oportet.
827 5523 1042 5580 utrumnam
1077 5522 1206 5581 autem
1241 5506 1321 5580 loco
1357 5507 1492 5580 cedere
1523 5506 1663 5580 debeat
1688 5532 1788 5579 nunc
1814 5507 2022 5578 eruendum
2048 5520 2118 5577 est.

623 5630 820 5705 Oceanum
829 5631 1115 5731 circumuagum
1130 5630 1263 5704 uolunt
1276 5657 1360 5704 esse
1383 5642 1533 5731 άπὸρῤων,
1557 5649 1655 5705 πάντα
1677 5638 1849 5707 xviima.
1876 5656 1952 5704 non
1976 5655 2120 5728 urgueo

623 5754 822 5852 epitheton
847 5755 1113 5856 circumuagus
1138 5782 1222 5829 esse
1248 5754 1491 5842 insolentius,
1518 5781 1603 5829 cum
1629 5755 1753 5854 poetis
1771 5755 1897 5830 latinis
1916 5754 1978 5830 ille
1991 5755 2121 5829 audiat

623 5877 869 5968 circumfluus
893 5895 933 5952 et
957 5879 1211 5982 circumfusus
1236 5896 1276 5954 et
1302 5890 1418 5953 lotum
1444 5882 1566 5954 orbem
1593 5882 1826 5976 ampkclens:
1865 5893 1993 5977 potest
2018 5881 2119 5952 enim
