<?xml version="1.0" encoding="UTF-8"?>
<!DOCTYPE html PUBLIC "-//W3C//DTD XHTML 1.0 Transitional//EN"
    "http://www.w3.org/TR/xhtml1/DTD/xhtml1-transitional.dtd">
<html xmlns="http://www.w3.org/1999/xhtml" xml:lang="en" lang="en">
 <head>
  <title>
</title>
<meta http-equiv="Content-Type" content="text/html;charset=utf-8" />
  <meta name='ocr-system' content='tesseract 3.04.00' />
  <meta name='ocr-capabilities' content='ocr_page ocr_carea ocr_par ocr_line ocrx_word'/>
</head>
<body>
  <div class='ocr_page' id='page_1' title='image "./lectioneshorati01bhgoog_0037.png"; bbox 0 0 5182 7396; ppageno 0'>
   <div class='ocr_carea' id='block_1_1' title="bbox 1314 981 1360 1052">
    <p class='ocr_par' dir='ltr' id='par_1_1' title="bbox 1314 981 1360 1052">
     <span class='ocr_line' id='line_1_1' title="bbox 1314 981 1360 1052; baseline 0 0"><span class='ocrx_word' id='word_1_1' title='bbox 1314 981 1360 1052; x_wconf 83' lang='grc'>26</span> 
     </span>
    </p>
   </div>
   <div class='ocr_carea' id='block_1_2' title="bbox 586 1181 2086 3651">
    <p class='ocr_par' dir='ltr' id='par_1_2' title="bbox 586 1181 2086 3651">
     <span class='ocr_line' id='line_1_2' title="bbox 590 1181 2086 1267; baseline 0.002 -13"><span class='ocrx_word' id='word_1_2' title='bbox 590 1182 710 1256; x_wconf 86' lang='lat' dir='ltr'>uitata</span> <span class='ocrx_word' id='word_1_3' title='bbox 731 1182 838 1267; x_wconf 89' lang='lat' dir='ltr'>ferri,</span> <span class='ocrx_word' id='word_1_4' title='bbox 864 1183 1028 1255; x_wconf 86' lang='lat' dir='ltr'>absurde</span> <span class='ocrx_word' id='word_1_5' title='bbox 1049 1198 1109 1254; x_wconf 90' lang='lat' dir='ltr'>est</span> <span class='ocrx_word' id='word_1_6' title='bbox 1130 1181 1270 1256; x_wconf 88' lang='lat' dir='ltr'>fictum.</span> <span class='ocrx_word' id='word_1_7' title='bbox 1297 1181 1358 1255; x_wconf 91' lang='lat' dir='ltr'>alii</span> <span class='ocrx_word' id='word_1_8' title='bbox 1384 1182 1518 1256; x_wconf 89' lang='lat' dir='ltr'>siluam</span> <span class='ocrx_word' id='word_1_9' title='bbox 1541 1183 1803 1256; x_wconf 88' lang='lat' dir='ltr'>densissimam</span> <span class='ocrx_word' id='word_1_10' title='bbox 1818 1200 1857 1256; x_wconf 93' lang='lat' dir='ltr'>et</span> <span class='ocrx_word' id='word_1_11' title='bbox 1871 1184 2086 1258; x_wconf 91' lang='lat' dir='ltr'>hominibus</span> 
     </span>
     <span class='ocr_line' id='line_1_3' title="bbox 589 1306 2086 1406; baseline 0.003 -27"><span class='ocrx_word' id='word_1_12' title='bbox 589 1306 666 1380; x_wconf 87' lang='lat' dir='ltr'>fere</span> <span class='ocrx_word' id='word_1_13' title='bbox 692 1307 920 1380; x_wconf 87' lang='lat' dir='ltr'>inaccessam</span> <span class='ocrx_word' id='word_1_14' title='bbox 948 1307 1051 1380; x_wconf 90' lang='lat' dir='ltr'>innui</span> <span class='ocrx_word' id='word_1_15' title='bbox 1077 1308 1194 1382; x_wconf 89' lang='lat' dir='ltr'>aiunt.</span> <span class='ocrx_word' id='word_1_16' title='bbox 1223 1307 1259 1380; x_wconf 91' lang='lat' dir='ltr'>in</span> <span class='ocrx_word' id='word_1_17' title='bbox 1286 1332 1400 1405; x_wconf 90' lang='lat' dir='ltr'>quam</span> <span class='ocrx_word' id='word_1_18' title='bbox 1427 1333 1503 1404; x_wconf 95' lang='lat' dir='ltr'>quo</span> <span class='ocrx_word' id='word_1_19' title='bbox 1530 1308 1684 1380; x_wconf 87' lang='lat' dir='ltr'>tandem</span> <span class='ocrx_word' id='word_1_20' title='bbox 1707 1307 1862 1382; x_wconf 91' lang='lat' dir='ltr'>consilio</span> <span class='ocrx_word' id='word_1_21' title='bbox 1876 1309 2086 1406; x_wconf 89' lang='lat' dir='ltr'>concipitur</span> 
     </span>
     <span class='ocr_line' id='line_1_4' title="bbox 589 1431 2086 1532; baseline 0.003 -29"><span class='ocrx_word' id='word_1_22' title='bbox 589 1431 739 1504; x_wconf 88' lang='lat' dir='ltr'>inruere</span> <span class='ocrx_word' id='word_1_23' title='bbox 761 1447 989 1518; x_wconf 86' lang='lat' dir='ltr'>torrentem,</span> <span class='ocrx_word' id='word_1_24' title='bbox 1016 1432 1121 1506; x_wconf 91' lang='lat' dir='ltr'>cuius</span> <span class='ocrx_word' id='word_1_25' title='bbox 1135 1432 1193 1505; x_wconf 92' lang='lat' dir='ltr'>uis</span> <span class='ocrx_word' id='word_1_26' title='bbox 1205 1432 1328 1504; x_wconf 92' lang='lat' dir='ltr'>omnis</span> <span class='ocrx_word' id='word_1_27' title='bbox 1343 1431 1565 1505; x_wconf 89' lang='lat' dir='ltr'>naturaliter</span> <span class='ocrx_word' id='word_1_28' title='bbox 1579 1433 1628 1505; x_wconf 94' lang='lat' dir='ltr'>ibi</span> <span class='ocrx_word' id='word_1_29' title='bbox 1643 1432 1839 1530; x_wconf 83' lang='lat' dir='ltr'>frangatur</span> <span class='ocrx_word' id='word_1_30' title='bbox 1853 1434 2086 1532; x_wconf 89' lang='lat' dir='ltr'>pereatque?</span> 
     </span>
     <span class='ocr_line' id='line_1_5' title="bbox 589 1555 2085 1653; baseline 0.004 -26"><span class='ocrx_word' id='word_1_31' title='bbox 589 1581 713 1653; x_wconf 90' lang='lat' dir='ltr'>neque</span> <span class='ocrx_word' id='word_1_32' title='bbox 728 1573 856 1630; x_wconf 90' lang='lat' dir='ltr'>tamen</span> <span class='ocrx_word' id='word_1_33' title='bbox 870 1557 908 1629; x_wconf 91' lang='lat' dir='ltr'>in</span> <span class='ocrx_word' id='word_1_34' title='bbox 922 1555 1003 1630; x_wconf 89' lang='lat' dir='ltr'>solo</span> <span class='ocrx_word' id='word_1_35' title='bbox 1016 1582 1131 1630; x_wconf 89' lang='lat' dir='ltr'>sensu</span> <span class='ocrx_word' id='word_1_36' title='bbox 1145 1557 1354 1630; x_wconf 90' lang='lat' dir='ltr'>haeremus.</span> <span class='ocrx_word' id='word_1_37' title='bbox 1376 1581 1461 1630; x_wconf 92' lang='lat' dir='ltr'>nam</span> <span class='ocrx_word' id='word_1_38' title='bbox 1477 1556 1643 1652; x_wconf 91' lang='lat' dir='ltr'>uulgaris</span> <span class='ocrx_word' id='word_1_39' title='bbox 1657 1559 1889 1631; x_wconf 89' lang='lat' dir='ltr'>constructio</span> <span class='ocrx_word' id='word_1_40' title='bbox 1902 1584 1986 1632; x_wconf 93' lang='lat' dir='ltr'>cum</span> <span class='ocrx_word' id='word_1_41' title='bbox 1999 1585 2085 1634; x_wconf 92' lang='lat' dir='ltr'>con-</span> 
     </span>
     <span class='ocr_line' id='line_1_6' title="bbox 589 1679 2085 1782; baseline 0.003 -30"><span class='ocrx_word' id='word_1_42' title='bbox 589 1679 712 1778; x_wconf 90' lang='lat' dir='ltr'>iungit</span> <span class='ocrx_word' id='word_1_43' title='bbox 728 1679 868 1782; x_wconf 83' lang='lat' dir='ltr'>fertur</span> <span class='ocrx_word' id='word_1_44' title='bbox 892 1706 964 1777; x_wconf 85' lang='lat' dir='ltr'>quo</span> <span class='ocrx_word' id='word_1_45' title='bbox 989 1707 1088 1754; x_wconf 84' lang='lat' dir='ltr'>rara</span> <span class='ocrx_word' id='word_1_46' title='bbox 1112 1682 1272 1766; x_wconf 66' lang='lat' dir='ltr'>secures,</span> <span class='ocrx_word' id='word_1_47' title='bbox 1289 1680 1458 1778; x_wconf 85' lang='lat' dir='ltr'>neglegit</span> <span class='ocrx_word' id='word_1_48' title='bbox 1477 1698 1594 1779; x_wconf 90' lang='lat' dir='ltr'>atque</span> <span class='ocrx_word' id='word_1_49' title='bbox 1608 1681 1813 1778; x_wconf 90' lang='lat' dir='ltr'>posthabet</span> <span class='ocrx_word' id='word_1_50' title='bbox 1828 1683 2085 1758; x_wconf 89' lang='lat' dir='ltr'>Romanorum</span> 
     </span>
     <span class='ocr_line' id='line_1_7' title="bbox 588 1804 2086 1903; baseline 0.005 -26"><span class='ocrx_word' id='word_1_51' title='bbox 588 1805 625 1879; x_wconf 92' lang='lat' dir='ltr'>in</span> <span class='ocrx_word' id='word_1_52' title='bbox 652 1805 778 1878; x_wconf 92' lang='lat' dir='ltr'>uerbis</span> <span class='ocrx_word' id='word_1_53' title='bbox 804 1804 1029 1878; x_wconf 90' lang='lat' dir='ltr'>collocandis</span> <span class='ocrx_word' id='word_1_54' title='bbox 1055 1806 1379 1879; x_wconf 90' lang='lat' dir='ltr'>consuetudinem.</span> <span class='ocrx_word' id='word_1_55' title='bbox 1419 1831 1517 1903; x_wconf 89' lang='lat' dir='ltr'>quae</span> <span class='ocrx_word' id='word_1_56' title='bbox 1543 1806 1644 1878; x_wconf 93' lang='lat' dir='ltr'>enim</span> <span class='ocrx_word' id='word_1_57' title='bbox 1670 1822 1729 1878; x_wconf 90' lang='lat' dir='ltr'>est</span> <span class='ocrx_word' id='word_1_58' title='bbox 1756 1807 1865 1880; x_wconf 93' lang='lat' dir='ltr'>huius</span> <span class='ocrx_word' id='word_1_59' title='bbox 1897 1811 2086 1884; x_wconf 89' lang='lat' dir='ltr'>enuntiati</span> 
     </span>
     <span class='ocr_line' id='line_1_8' title="bbox 587 1929 2084 2031; baseline 0.001 -26"><span class='ocrx_word' id='word_1_60' title='bbox 587 1930 852 2016; x_wconf 83' lang='lat' dir='ltr'>conformatio,</span> <span class='ocrx_word' id='word_1_61' title='bbox 879 1931 910 2003; x_wconf 89' lang='lat' dir='ltr'>si</span> <span class='ocrx_word' id='word_1_62' title='bbox 938 1930 1000 2003; x_wconf 92' lang='lat' dir='ltr'>illo</span> <span class='ocrx_word' id='word_1_63' title='bbox 1026 1955 1102 2028; x_wconf 92' lang='lat' dir='ltr'>quo</span> <span class='ocrx_word' id='word_1_64' title='bbox 1130 1930 1262 2003; x_wconf 92' lang='lat' dir='ltr'>uolunt</span> <span class='ocrx_word' id='word_1_65' title='bbox 1288 1933 1400 2004; x_wconf 93' lang='lat' dir='ltr'>modo</span> <span class='ocrx_word' id='word_1_66' title='bbox 1417 1929 1557 2031; x_wconf 84' lang='lat' dir='ltr'>serlur</span> <span class='ocrx_word' id='word_1_67' title='bbox 1570 1956 1655 2003; x_wconf 91' lang='lat' dir='ltr'>cum</span> <span class='ocrx_word' id='word_1_68' title='bbox 1676 1932 1817 2004; x_wconf 83' lang='lat' dir='ltr'>securis</span> <span class='ocrx_word' id='word_1_69' title='bbox 1830 1931 2084 2028; x_wconf 89' lang='lat' dir='ltr'>copulandum</span> 
     </span>
     <span class='ocr_line' id='line_1_9' title="bbox 587 2054 2085 2156; baseline 0.002 -27"><span class='ocrx_word' id='word_1_70' title='bbox 587 2073 665 2141; x_wconf 92' lang='lat' dir='ltr'>est,</span> <span class='ocrx_word' id='word_1_71' title='bbox 702 2056 832 2152; x_wconf 92' lang='lat' dir='ltr'>utique</span> <span class='ocrx_word' id='word_1_72' title='bbox 868 2055 1061 2153; x_wconf 88' lang='lat' dir='ltr'>flagitatur</span> <span class='ocrx_word' id='word_1_73' title='bbox 1093 2080 1165 2152; x_wconf 85' lang='lat' dir='ltr'>quo</span> <span class='ocrx_word' id='word_1_74' title='bbox 1181 2054 1321 2156; x_wconf 82' lang='lat' dir='ltr'>ferbur</span> <span class='ocrx_word' id='word_1_75' title='bbox 1346 2081 1444 2129; x_wconf 86' lang='lat' dir='ltr'>rara</span> <span class='ocrx_word' id='word_1_76' title='bbox 1469 2056 1619 2130; x_wconf 84' lang='lat' dir='ltr'>securis.</span> <span class='ocrx_word' id='word_1_77' title='bbox 1648 2055 1822 2154; x_wconf 89' lang='lat' dir='ltr'>quocirca</span> <span class='ocrx_word' id='word_1_78' title='bbox 1848 2057 1974 2154; x_wconf 88' lang='lat' dir='ltr'>potius</span> <span class='ocrx_word' id='word_1_79' title='bbox 2001 2084 2085 2132; x_wconf 90' lang='lat' dir='ltr'>con·</span> 
     </span>
     <span class='ocr_line' id='line_1_10' title="bbox 587 2178 2086 2281; baseline 0.001 -27"><span class='ocrx_word' id='word_1_80' title='bbox 587 2182 810 2255; x_wconf 90' lang='lat' dir='ltr'>struendum</span> <span class='ocrx_word' id='word_1_81' title='bbox 842 2198 919 2253; x_wconf 90' lang='lat' dir='ltr'>est:</span> <span class='ocrx_word' id='word_1_82' title='bbox 955 2181 1088 2253; x_wconf 80' lang='lat' dir='ltr'>ruebat</span> <span class='ocrx_word' id='word_1_83' title='bbox 1096 2238 1103 2267; x_wconf 90' lang='lat'>,</span> <span class='ocrx_word' id='word_1_84' title='bbox 1128 2178 1280 2276; x_wconf 82' lang='lat' dir='ltr'>flumen</span> <span class='ocrx_word' id='word_1_85' title='bbox 1306 2191 1350 2253; x_wconf 80' lang='lat' dir='ltr'>ut</span> <span class='ocrx_word' id='word_1_86' title='bbox 1372 2179 1570 2254; x_wconf 80' lang='lat' dir='ltr'>hibernum</span> <span class='ocrx_word' id='word_1_87' title='bbox 1587 2179 1737 2281; x_wconf 82' lang='lat' dir='ltr'>fertur.</span> <span class='ocrx_word' id='word_1_88' title='bbox 1776 2197 1816 2254; x_wconf 93' lang='lat' dir='ltr'>et</span> <span class='ocrx_word' id='word_1_89' title='bbox 1843 2181 1913 2255; x_wconf 91' lang='lat' dir='ltr'>hoe</span> <span class='ocrx_word' id='word_1_90' title='bbox 1940 2185 2086 2257; x_wconf 91' lang='lat' dir='ltr'>uerissi-</span> 
     </span>
     <span class='ocr_line' id='line_1_11' title="bbox 588 2305 2085 2406; baseline 0.003 -28"><span class='ocrx_word' id='word_1_91' title='bbox 588 2333 690 2379; x_wconf 92' lang='lat' dir='ltr'>mum</span> <span class='ocrx_word' id='word_1_92' title='bbox 733 2331 818 2379; x_wconf 88' lang='lat' dir='ltr'>esse</span> <span class='ocrx_word' id='word_1_93' title='bbox 855 2307 1122 2380; x_wconf 91' lang='lat' dir='ltr'>obseruatione</span> <span class='ocrx_word' id='word_1_94' title='bbox 1161 2308 1325 2403; x_wconf 91' lang='lat' dir='ltr'>quadam</span> <span class='ocrx_word' id='word_1_95' title='bbox 1364 2305 1521 2379; x_wconf 93' lang='lat' dir='ltr'>metrica</span> <span class='ocrx_word' id='word_1_96' title='bbox 1557 2307 1655 2379; x_wconf 91' lang='lat' dir='ltr'>bene</span> <span class='ocrx_word' id='word_1_97' title='bbox 1693 2305 1931 2380; x_wconf 90' lang='lat' dir='ltr'>confirmauit</span> <span class='ocrx_word' id='word_1_98' title='bbox 1968 2325 2085 2406; x_wconf 87' lang='lat' dir='ltr'>atque</span> 
     </span>
     <span class='ocr_line' id='line_1_12' title="bbox 586 2430 2084 2527; baseline 0.002 -23"><span class='ocrx_word' id='word_1_99' title='bbox 586 2430 770 2504; x_wconf 90' lang='lat' dir='ltr'>stabiliuit</span> <span class='ocrx_word' id='word_1_100' title='bbox 809 2431 1053 2504; x_wconf 91' lang='lat' dir='ltr'>Hermannus</span> <span class='ocrx_word' id='word_1_101' title='bbox 1093 2431 1287 2506; x_wconf 88' lang='lat' dir='ltr'>Usenerus</span> <span class='ocrx_word' id='word_1_102' title='bbox 1326 2456 1418 2502; x_wconf 91' lang='lat' dir='ltr'>mus.</span> <span class='ocrx_word' id='word_1_103' title='bbox 1460 2430 1581 2503; x_wconf 91' lang='lat' dir='ltr'>Rhen.</span> <span class='ocrx_word' id='word_1_104' title='bbox 1619 2431 1754 2504; x_wconf 91' lang='lat' dir='ltr'>XXIV</span> <span class='ocrx_word' id='word_1_105' title='bbox 1792 2458 1827 2527; x_wconf 93' lang='lat' dir='ltr'>p.</span> <span class='ocrx_word' id='word_1_106' title='bbox 1865 2438 1956 2525; x_wconf 81' lang='lat'>346;</span> <span class='ocrx_word' id='word_1_107' title='bbox 1997 2460 2084 2507; x_wconf 95' lang='lat' dir='ltr'>nam</span> 
     </span>
     <span class='ocr_line' id='line_1_13' title="bbox 589 2553 2084 2656; baseline 0.001 -27"><span class='ocrx_word' id='word_1_108' title='bbox 589 2555 765 2630; x_wconf 89' lang='lat' dir='ltr'>Kellerus</span> <span class='ocrx_word' id='word_1_109' title='bbox 790 2581 875 2628; x_wconf 92' lang='lat' dir='ltr'>cum</span> <span class='ocrx_word' id='word_1_110' title='bbox 902 2554 1205 2652; x_wconf 89' lang='lat' dir='ltr'>Epilegomenon</span> <span class='ocrx_word' id='word_1_111' title='bbox 1233 2581 1267 2651; x_wconf 92' lang='lat' dir='ltr'>p.</span> <span class='ocrx_word' id='word_1_112' title='bbox 1294 2578 1369 2648; x_wconf 85' lang='lat'>490</span> <span class='ocrx_word' id='word_1_113' title='bbox 1395 2553 1485 2627; x_wconf 94' lang='lat' dir='ltr'>illud</span> <span class='ocrx_word' id='word_1_114' title='bbox 1501 2554 1642 2656; x_wconf 82' lang='lat' dir='ltr'>fertur</span> <span class='ocrx_word' id='word_1_115' title='bbox 1667 2572 1755 2652; x_wconf 91' lang='lat' dir='ltr'>post</span> <span class='ocrx_word' id='word_1_116' title='bbox 1768 2556 1902 2629; x_wconf 82' lang='lat' dir='ltr'>ruebat</span> <span class='ocrx_word' id='word_1_117' title='bbox 1919 2559 2084 2632; x_wconf 90' lang='lat' dir='ltr'>otiosum</span> 
     </span>
     <span class='ocr_line' id='line_1_14' title="bbox 588 2679 2085 2777; baseline 0.001 -23"><span class='ocrx_word' id='word_1_118' title='bbox 588 2708 673 2756; x_wconf 89' lang='lat' dir='ltr'>esse</span> <span class='ocrx_word' id='word_1_119' title='bbox 705 2681 840 2766; x_wconf 89' lang='lat' dir='ltr'>obicit,</span> <span class='ocrx_word' id='word_1_120' title='bbox 876 2679 966 2753; x_wconf 93' lang='lat' dir='ltr'>nihil</span> <span class='ocrx_word' id='word_1_121' title='bbox 1001 2679 1127 2752; x_wconf 92' lang='lat' dir='ltr'>obicit.</span> <span class='ocrx_word' id='word_1_122' title='bbox 1168 2679 1297 2777; x_wconf 91' lang='lat' dir='ltr'>itaque</span> <span class='ocrx_word' id='word_1_123' title='bbox 1324 2681 1460 2765; x_wconf 92' lang='lat' dir='ltr'>uerba,</span> <span class='ocrx_word' id='word_1_124' title='bbox 1487 2705 1586 2776; x_wconf 94' lang='lat' dir='ltr'>quae</span> <span class='ocrx_word' id='word_1_125' title='bbox 1612 2705 1635 2753; x_wconf 93' lang='lat' dir='ltr'>a</span> <span class='ocrx_word' id='word_1_126' title='bbox 1659 2681 1851 2755; x_wconf 89' lang='lat' dir='ltr'>sententia</span> <span class='ocrx_word' id='word_1_127' title='bbox 1877 2684 2085 2757; x_wconf 92' lang='lat' dir='ltr'>tenebrico-</span> 
     </span>
     <span class='ocr_line' id='line_1_15' title="bbox 587 2803 2083 2905; baseline 0.003 -27"><span class='ocrx_word' id='word_1_128' title='bbox 587 2807 734 2879; x_wconf 90' lang='lat' dir='ltr'>sissima</span> <span class='ocrx_word' id='word_1_129' title='bbox 767 2831 851 2878; x_wconf 90' lang='lat' dir='ltr'>esse</span> <span class='ocrx_word' id='word_1_130' title='bbox 885 2806 998 2878; x_wconf 93' lang='lat' dir='ltr'>modo</span> <span class='ocrx_word' id='word_1_131' title='bbox 1032 2805 1284 2902; x_wconf 90' lang='lat' dir='ltr'>optinuimus,</span> <span class='ocrx_word' id='word_1_132' title='bbox 1320 2805 1393 2877; x_wconf 96' lang='lat' dir='ltr'>iam</span> <span class='ocrx_word' id='word_1_133' title='bbox 1422 2804 1483 2878; x_wconf 94' lang='lat' dir='ltr'>illo</span> <span class='ocrx_word' id='word_1_134' title='bbox 1500 2803 1639 2905; x_wconf 87' lang='lat' dir='ltr'>serlur</span> <span class='ocrx_word' id='word_1_135' title='bbox 1666 2805 1814 2902; x_wconf 88' lang='lat' dir='ltr'>priuata</span> <span class='ocrx_word' id='word_1_136' title='bbox 1841 2806 1953 2904; x_wconf 89' lang='lat' dir='ltr'>plane</span> <span class='ocrx_word' id='word_1_137' title='bbox 1979 2810 2083 2883; x_wconf 94' lang='lat' dir='ltr'>nihili</span> 
     </span>
     <span class='ocr_line' id='line_1_16' title="bbox 586 2929 2085 3028; baseline 0.003 -25"><span class='ocrx_word' id='word_1_138' title='bbox 586 2948 685 3004; x_wconf 90' lang='lat' dir='ltr'>sunt.</span> <span class='ocrx_word' id='word_1_139' title='bbox 722 2930 950 3004; x_wconf 90' lang='lat' dir='ltr'>emendandi</span> <span class='ocrx_word' id='word_1_140' title='bbox 985 2929 1100 3026; x_wconf 88' lang='lat' dir='ltr'>igitur</span> <span class='ocrx_word' id='word_1_141' title='bbox 1126 2929 1291 3027; x_wconf 90' lang='lat' dir='ltr'>periculo</span> <span class='ocrx_word' id='word_1_142' title='bbox 1316 2955 1400 3003; x_wconf 91' lang='lat' dir='ltr'>cum</span> <span class='ocrx_word' id='word_1_143' title='bbox 1427 2956 1524 3027; x_wconf 93' lang='lat' dir='ltr'>opus</span> <span class='ocrx_word' id='word_1_144' title='bbox 1548 2929 1616 3016; x_wconf 91' lang='lat' dir='ltr'>sit,</span> <span class='ocrx_word' id='word_1_145' title='bbox 1644 2948 1846 3028; x_wconf 86' lang='lat' dir='ltr'>postquam</span> <span class='ocrx_word' id='word_1_146' title='bbox 1875 2933 2085 3007; x_wconf 89' lang='lat' dir='ltr'>Peerlkam-</span> 
     </span>
     <span class='ocr_line' id='line_1_17' title="bbox 588 3055 2082 3154; baseline 0.004 -26"><span class='ocrx_word' id='word_1_147' title='bbox 588 3057 673 3154; x_wconf 91' lang='lat' dir='ltr'>pius</span> <span class='ocrx_word' id='word_1_148' title='bbox 707 3057 756 3130; x_wconf 93' lang='lat' dir='ltr'>ab</span> <span class='ocrx_word' id='word_1_149' title='bbox 791 3055 893 3130; x_wconf 91' lang='lat' dir='ltr'>omni</span> <span class='ocrx_word' id='word_1_150' title='bbox 928 3055 1254 3130; x_wconf 90' lang='lat' dir='ltr'>uerisimilitudine</span> <span class='ocrx_word' id='word_1_151' title='bbox 1288 3055 1532 3129; x_wconf 89' lang='lat' dir='ltr'>abhorrentia</span> <span class='ocrx_word' id='word_1_152' title='bbox 1567 3055 1744 3152; x_wconf 92' lang='lat' dir='ltr'>protulit,</span> <span class='ocrx_word' id='word_1_153' title='bbox 1782 3057 1975 3132; x_wconf 91' lang='lat' dir='ltr'>Usenerus</span> <span class='ocrx_word' id='word_1_154' title='bbox 2010 3059 2032 3132; x_wconf 96' lang='lat' dir='ltr'>l.</span> <span class='ocrx_word' id='word_1_155' title='bbox 2060 3061 2082 3135; x_wconf 92' lang='lat' dir='ltr'>l.</span> 
     </span>
     <span class='ocr_line' id='line_1_18' title="bbox 588 3179 2084 3282; baseline 0.003 -28"><span class='ocrx_word' id='word_1_156' title='bbox 588 3181 786 3279; x_wconf 91' lang='lat' dir='ltr'>proposuit</span> <span class='ocrx_word' id='word_1_157' title='bbox 802 3179 943 3281; x_wconf 83' lang='lat' dir='ltr'>fertur</span> <span class='ocrx_word' id='word_1_158' title='bbox 958 3190 1034 3277; x_wconf 82' lang='lat' dir='ltr'>per</span> <span class='ocrx_word' id='word_1_159' title='bbox 1060 3206 1160 3253; x_wconf 86' lang='lat' dir='ltr'>rura</span> <span class='ocrx_word' id='word_1_160' title='bbox 1187 3180 1420 3279; x_wconf 75' lang='lat' dir='ltr'>Sigambris,</span> <span class='ocrx_word' id='word_1_161' title='bbox 1447 3180 1645 3278; x_wconf 91' lang='lat' dir='ltr'>ingeniose</span> <span class='ocrx_word' id='word_1_162' title='bbox 1669 3206 1772 3255; x_wconf 87' lang='lat' dir='ltr'>sane.</span> <span class='ocrx_word' id='word_1_163' title='bbox 1799 3183 1868 3255; x_wconf 94' lang='lat' dir='ltr'>sed</span> <span class='ocrx_word' id='word_1_164' title='bbox 1894 3209 2019 3282; x_wconf 89' lang='lat' dir='ltr'>neque</span> <span class='ocrx_word' id='word_1_165' title='bbox 2045 3186 2084 3259; x_wconf 90' lang='lat' dir='ltr'>id</span> 
     </span>
     <span class='ocr_line' id='line_1_19' title="bbox 587 3305 2083 3404; baseline 0.003 -25"><span class='ocrx_word' id='word_1_166' title='bbox 587 3306 690 3404; x_wconf 94' lang='lat' dir='ltr'>quod</span> <span class='ocrx_word' id='word_1_167' title='bbox 724 3332 798 3378; x_wconf 94' lang='lat' dir='ltr'>uox</span> <span class='ocrx_word' id='word_1_168' title='bbox 832 3330 904 3401; x_wconf 87' lang='lat' dir='ltr'>quo</span> <span class='ocrx_word' id='word_1_169' title='bbox 939 3305 1159 3378; x_wconf 90' lang='lat' dir='ltr'>mutationis</span> <span class='ocrx_word' id='word_1_170' title='bbox 1194 3321 1341 3401; x_wconf 94' lang='lat' dir='ltr'>partem</span> <span class='ocrx_word' id='word_1_171' title='bbox 1375 3305 1490 3378; x_wconf 90' lang='lat' dir='ltr'>sumit</span> <span class='ocrx_word' id='word_1_172' title='bbox 1525 3331 1650 3402; x_wconf 92' lang='lat' dir='ltr'>neque</span> <span class='ocrx_word' id='word_1_173' title='bbox 1680 3331 1771 3380; x_wconf 92' lang='lat' dir='ltr'>uero</span> <span class='ocrx_word' id='word_1_174' title='bbox 1796 3307 2083 3404; x_wconf 89' lang='lat' dir='ltr'>Sigambrorum</span> 
     </span>
     <span class='ocr_line' id='line_1_20' title="bbox 587 3428 2083 3530; baseline 0.003 -26"><span class='ocrx_word' id='word_1_175' title='bbox 587 3431 730 3504; x_wconf 91' lang='lat' dir='ltr'>mentio</span> <span class='ocrx_word' id='word_1_176' title='bbox 773 3430 809 3502; x_wconf 90' lang='lat' dir='ltr'>in</span> <span class='ocrx_word' id='word_1_177' title='bbox 854 3429 1019 3526; x_wconf 91' lang='lat' dir='ltr'>imagine</span> <span class='ocrx_word' id='word_1_178' title='bbox 1058 3430 1178 3526; x_wconf 89' lang='lat' dir='ltr'>magis</span> <span class='ocrx_word' id='word_1_179' title='bbox 1216 3428 1385 3526; x_wconf 91' lang='lat' dir='ltr'>generali</span> <span class='ocrx_word' id='word_1_180' title='bbox 1425 3429 1559 3526; x_wconf 89' lang='lat' dir='ltr'>placet.</span> <span class='ocrx_word' id='word_1_181' title='bbox 1607 3455 1836 3529; x_wconf 89' lang='lat' dir='ltr'>quamquam</span> <span class='ocrx_word' id='word_1_182' title='bbox 1876 3434 1967 3530; x_wconf 93' lang='lat' dir='ltr'>quid</span> <span class='ocrx_word' id='word_1_183' title='bbox 2005 3434 2083 3508; x_wconf 85' lang='lat' dir='ltr'>sere</span> 
     </span>
     <span class='ocr_line' id='line_1_21' title="bbox 587 3553 2083 3651; baseline 0.003 -23"><span class='ocrx_word' id='word_1_184' title='bbox 587 3553 819 3651; x_wconf 92' lang='lat' dir='ltr'>postuletur,</span> <span class='ocrx_word' id='word_1_185' title='bbox 860 3571 961 3628; x_wconf 90' lang='lat' dir='ltr'>recte</span> <span class='ocrx_word' id='word_1_186' title='bbox 1001 3553 1063 3626; x_wconf 93' lang='lat' dir='ltr'>ille</span> <span class='ocrx_word' id='word_1_187' title='bbox 1099 3553 1296 3627; x_wconf 90' lang='lat' dir='ltr'>diuinauit.</span> <span class='ocrx_word' id='word_1_188' title='bbox 1336 3579 1420 3626; x_wconf 91' lang='lat' dir='ltr'>cum</span> <span class='ocrx_word' id='word_1_189' title='bbox 1458 3553 1537 3626; x_wconf 89' lang='lat' dir='ltr'>sale</span> <span class='ocrx_word' id='word_1_190' title='bbox 1576 3553 1716 3628; x_wconf 91' lang='lat' dir='ltr'>multus</span> <span class='ocrx_word' id='word_1_191' title='bbox 1755 3556 1897 3630; x_wconf 87' lang='lat' dir='ltr'>fluebat</span> <span class='ocrx_word' id='word_1_192' title='bbox 1936 3560 2083 3634; x_wconf 88' lang='lat' dir='ltr'>Persius</span> 
     </span>
    </p>
   </div>
   <div class='ocr_carea' id='block_1_3' title="bbox 585 3676 2082 3906">
    <p class='ocr_par' dir='ltr' id='par_1_3' title="bbox 585 3676 2082 3906">
     <span class='ocr_line' id='line_1_22' title="bbox 587 3676 2082 3782; baseline 0.004 -30"><span class='ocrx_word' id='word_1_193' title='bbox 587 3679 645 3777; x_wconf 86' lang='lat' dir='ltr'>(cf.</span> <span class='ocrx_word' id='word_1_194' title='bbox 674 3707 708 3752; x_wconf 92' lang='lat' dir='ltr'>u.</span> <span class='ocrx_word' id='word_1_195' title='bbox 734 3681 815 3776; x_wconf 83' lang='lat'><strong>27);</strong></span> <span class='ocrx_word' id='word_1_196' title='bbox 843 3695 1049 3776; x_wconf 92' lang='lat' dir='ltr'>utcumque</span> <span class='ocrx_word' id='word_1_197' title='bbox 1073 3677 1149 3750; x_wconf 85' lang='lat' dir='ltr'>fors</span> <span class='ocrx_word' id='word_1_198' title='bbox 1175 3676 1331 3762; x_wconf 89' lang='lat' dir='ltr'>obtulit,</span> <span class='ocrx_word' id='word_1_199' title='bbox 1358 3695 1449 3774; x_wconf 88' lang='lat' dir='ltr'>apta</span> <span class='ocrx_word' id='word_1_200' title='bbox 1476 3679 1606 3776; x_wconf 91' lang='lat' dir='ltr'>inepta</span> <span class='ocrx_word' id='word_1_201' title='bbox 1631 3681 1790 3777; x_wconf 88' lang='lat' dir='ltr'>arripuit</span> <span class='ocrx_word' id='word_1_202' title='bbox 1816 3681 1929 3756; x_wconf 92' lang='lat' dir='ltr'>homo</span> <span class='ocrx_word' id='word_1_203' title='bbox 1955 3683 2082 3782; x_wconf 91' lang='lat' dir='ltr'>loqua-</span> 
     </span>
     <span class='ocr_line' id='line_1_23' title="bbox 585 3803 1979 3906; baseline 0.004 -29"><span class='ocrx_word' id='word_1_204' title='bbox 585 3804 756 3878; x_wconf 90' lang='lat' dir='ltr'>cissimus</span> <span class='ocrx_word' id='word_1_205' title='bbox 783 3804 820 3877; x_wconf 95' lang='lat' dir='ltr'>in</span> <span class='ocrx_word' id='word_1_206' title='bbox 846 3803 969 3877; x_wconf 91' lang='lat' dir='ltr'>omnis</span> <span class='ocrx_word' id='word_1_207' title='bbox 996 3820 1124 3899; x_wconf 91' lang='lat' dir='ltr'>partes</span> <span class='ocrx_word' id='word_1_208' title='bbox 1150 3817 1336 3898; x_wconf 90' lang='lat' dir='ltr'>euagatus</span> <span class='ocrx_word' id='word_1_209' title='bbox 1362 3803 1685 3901; x_wconf 88' lang='lat' dir='ltr'>exspatiatusque.</span> <span class='ocrx_word' id='word_1_210' title='bbox 1727 3806 1861 3880; x_wconf 91' lang='lat' dir='ltr'>ruebat</span> <span class='ocrx_word' id='word_1_211' title='bbox 1887 3833 1979 3906; x_wconf 88' lang='lat' dir='ltr'>ergo</span> 
     </span>
    </p>
   </div>
   <div class='ocr_carea' id='block_1_4' title="bbox 905 3979 1754 4059">
    <p class='ocr_par' dir='ltr' id='par_1_4' title="bbox 905 3979 1754 4059">
     <span class='ocr_line' id='line_1_24' title="bbox 905 3979 1754 4059; baseline 0.001 -18"><span class='ocrx_word' id='word_1_212' title='bbox 905 3983 1030 4042; x_wconf 86' lang='lat' dir='ltr'>Flumen</span> <span class='ocrx_word' id='word_1_213' title='bbox 1051 3993 1083 4040; x_wconf 90' lang='lat' dir='ltr'>ut</span> <span class='ocrx_word' id='word_1_214' title='bbox 1104 3979 1258 4042; x_wconf 90' lang='lat' dir='ltr'>hibernum</span> <span class='ocrx_word' id='word_1_215' title='bbox 1281 3983 1384 4055; x_wconf 80' lang='lat' dir='ltr'>fertur,</span> <span class='ocrx_word' id='word_1_216' title='bbox 1406 4000 1466 4058; x_wconf 89' lang='lat' dir='ltr'>quo</span> <span class='ocrx_word' id='word_1_217' title='bbox 1488 4003 1569 4042; x_wconf 85' lang='lat' dir='ltr'>rura</span> <span class='ocrx_word' id='word_1_218' title='bbox 1583 3991 1754 4059; x_wconf 79' lang='lat' dir='ltr'>patescunt.</span> 
     </span>
    </p>
   </div>
   <div class='ocr_carea' id='block_1_5' title="bbox 573 4141 2082 4863">
    <p class='ocr_par' dir='ltr' id='par_1_5' title="bbox 573 4141 2082 4863">
     <span class='ocr_line' id='line_1_25' title="bbox 585 4141 2078 4244; baseline 0.003 -28"><span class='ocrx_word' id='word_1_219' title='bbox 585 4141 627 4216; x_wconf 85' lang='lat' dir='ltr'>ef.</span> <span class='ocrx_word' id='word_1_220' title='bbox 664 4142 915 4214; x_wconf 88' lang='lat' dir='ltr'>Mamertinus</span> <span class='ocrx_word' id='word_1_221' title='bbox 955 4142 992 4214; x_wconf 91' lang='lat' dir='ltr'>in</span> <span class='ocrx_word' id='word_1_222' title='bbox 1030 4142 1260 4238; x_wconf 88' lang='lat' dir='ltr'>panegyrico</span> <span class='ocrx_word' id='word_1_223' title='bbox 1294 4142 1342 4215; x_wconf 92' lang='lat' dir='ltr'>ad</span> <span class='ocrx_word' id='word_1_224' title='bbox 1377 4143 1650 4216; x_wconf 85' lang='lat' dir='ltr'>Maximianum</span> <span class='ocrx_word' id='word_1_225' title='bbox 1686 4145 1905 4242; x_wconf 86' lang='lat' dir='ltr'>Augustum</span> <span class='ocrx_word' id='word_1_226' title='bbox 1942 4173 2022 4244; x_wconf 88' lang='lat' dir='ltr'>cap.</span> <span class='ocrx_word' id='word_1_227' title='bbox 2060 4170 2078 4242; x_wconf 88' lang='lat'><strong>5</strong></span> 
     </span>
     <span class='ocr_line' id='line_1_26' title="bbox 588 4267 2082 4369; baseline 0.005 -31"><span class='ocrx_word' id='word_1_228' title='bbox 588 4267 638 4364; x_wconf 87' lang='lat' dir='ltr'>(p.</span> <span class='ocrx_word' id='word_1_229' title='bbox 674 4291 743 4361; x_wconf 90' lang='lat'>93,</span> <span class='ocrx_word' id='word_1_230' title='bbox 785 4290 828 4339; x_wconf 90' lang='lat'>22</span> <span class='ocrx_word' id='word_1_231' title='bbox 869 4267 958 4339; x_wconf 91' lang='lat' dir='ltr'>edit.</span> <span class='ocrx_word' id='word_1_232' title='bbox 1000 4269 1143 4364; x_wconf 89' lang='lat' dir='ltr'>meae):</span> <span class='ocrx_word' id='word_1_233' title='bbox 1183 4277 1255 4340; x_wconf 80' lang='lat' dir='ltr'>bole</span> <span class='ocrx_word' id='word_1_234' title='bbox 1292 4267 1426 4363; x_wconf 77' lang='lat' dir='ltr'>quippe</span> <span class='ocrx_word' id='word_1_235' title='bbox 1454 4268 1600 4363; x_wconf 79' lang='lat' dir='ltr'>proelio</span> <span class='ocrx_word' id='word_1_236' title='bbox 1625 4267 1823 4369; x_wconf 81' lang='lat' dir='ltr'>ferebare,</span> <span class='ocrx_word' id='word_1_237' title='bbox 1863 4297 1937 4343; x_wconf 85' lang='lat' dir='ltr'>non</span> <span class='ocrx_word' id='word_1_238' title='bbox 1970 4273 2082 4345; x_wconf 79' lang='lat' dir='ltr'>aliter</span> 
     </span>
     <span class='ocr_line' id='line_1_27' title="bbox 583 4391 2081 4492; baseline 0.004 -28"><span class='ocrx_word' id='word_1_239' title='bbox 583 4417 697 4488; x_wconf 86' lang='lat' dir='ltr'>quam</span> <span class='ocrx_word' id='word_1_240' title='bbox 724 4417 887 4490; x_wconf 82' lang='lat' dir='ltr'>magnus</span> <span class='ocrx_word' id='word_1_241' title='bbox 911 4393 1036 4464; x_wconf 63' lang='lat' dir='ltr'>ameris</span> <span class='ocrx_word' id='word_1_242' title='bbox 1060 4393 1151 4465; x_wconf 77' lang='lat' dir='ltr'>solet</span> <span class='ocrx_word' id='word_1_243' title='bbox 1173 4391 1339 4465; x_wconf 82' lang='lat' dir='ltr'>bibernis</span> <span class='ocrx_word' id='word_1_244' title='bbox 1363 4391 1544 4464; x_wconf 81' lang='lat' dir='ltr'>imbribus</span> <span class='ocrx_word' id='word_1_245' title='bbox 1569 4405 1701 4466; x_wconf 80' lang='lat' dir='ltr'>auctus</span> <span class='ocrx_word' id='word_1_246' title='bbox 1720 4403 1758 4465; x_wconf 79' lang='lat' dir='ltr'>et</span> <span class='ocrx_word' id='word_1_247' title='bbox 1779 4393 1929 4468; x_wconf 84' lang='lat' dir='ltr'>m&#39;uibus</span> <span class='ocrx_word' id='word_1_248' title='bbox 1933 4398 2081 4492; x_wconf 82' lang='lat' dir='ltr'>passim</span> 
     </span>
     <span class='ocr_line' id='line_1_28' title="bbox 573 4513 2082 4615; baseline 0.005 -27"><span class='ocrx_word' id='word_1_249' title='bbox 573 4513 721 4610; x_wconf 85' lang='lat' dir='ltr'>fluere,</span> <span class='ocrx_word' id='word_1_250' title='bbox 748 4542 823 4612; x_wconf 84' lang='lat' dir='ltr'>qua</span> <span class='ocrx_word' id='word_1_251' title='bbox 849 4525 1001 4612; x_wconf 82' lang='lat' dir='ltr'>campus</span> <span class='ocrx_word' id='word_1_252' title='bbox 1025 4526 1088 4590; x_wconf 80' lang='lat' dir='ltr'>est.</span> <span class='ocrx_word' id='word_1_253' title='bbox 1117 4517 1290 4589; x_wconf 88' lang='lat' dir='ltr'>extitisse</span> <span class='ocrx_word' id='word_1_254' title='bbox 1316 4516 1467 4590; x_wconf 91' lang='lat' dir='ltr'>uidetur</span> <span class='ocrx_word' id='word_1_255' title='bbox 1493 4517 1530 4589; x_wconf 94' lang='lat' dir='ltr'>in</span> <span class='ocrx_word' id='word_1_256' title='bbox 1543 4517 1701 4615; x_wconf 91' lang='lat' dir='ltr'>antiquo</span> <span class='ocrx_word' id='word_1_257' title='bbox 1722 4518 1929 4615; x_wconf 89' lang='lat' dir='ltr'>exemplari</span> <span class='ocrx_word' id='word_1_258' title='bbox 1943 4520 2082 4595; x_wconf 90' lang='lat' dir='ltr'>omissa</span> 
     </span>
     <span class='ocr_line' id='line_1_29' title="bbox 585 4640 2081 4743; baseline 0.005 -31"><span class='ocrx_word' id='word_1_259' title='bbox 585 4664 660 4713; x_wconf 90' lang='lat' dir='ltr'>una</span> <span class='ocrx_word' id='word_1_260' title='bbox 696 4640 842 4737; x_wconf 91' lang='lat' dir='ltr'>syllaba</span> <span class='ocrx_word' id='word_1_261' title='bbox 878 4668 950 4738; x_wconf 86' lang='lat' dir='ltr'>quo</span> <span class='ocrx_word' id='word_1_262' title='bbox 989 4668 1036 4714; x_wconf 86' lang='lat' dir='ltr'>ra</span> <span class='ocrx_word' id='word_1_263' title='bbox 1070 4651 1286 4737; x_wconf 80' lang='lat' dir='ltr'>patescunl;</span> <span class='ocrx_word' id='word_1_264' title='bbox 1327 4642 1429 4738; x_wconf 93' lang='lat' dir='ltr'>quod</span> <span class='ocrx_word' id='word_1_265' title='bbox 1464 4667 1590 4715; x_wconf 91' lang='lat' dir='ltr'>crassa</span> <span class='ocrx_word' id='word_1_266' title='bbox 1624 4643 1799 4717; x_wconf 87' lang='lat' dir='ltr'>Minerua</span> <span class='ocrx_word' id='word_1_267' title='bbox 1833 4645 1870 4717; x_wconf 92' lang='lat' dir='ltr'>in</span> <span class='ocrx_word' id='word_1_268' title='bbox 1907 4644 1944 4718; x_wconf 95' lang='lat' dir='ltr'>id</span> <span class='ocrx_word' id='word_1_269' title='bbox 1978 4649 2081 4743; x_wconf 91' lang='lat' dir='ltr'>quod</span> 
     </span>
     <span class='ocr_line' id='line_1_30' title="bbox 584 4764 1808 4863; baseline 0.002 -25"><span class='ocrx_word' id='word_1_270' title='bbox 584 4765 732 4838; x_wconf 93' lang='lat' dir='ltr'>codices</span> <span class='ocrx_word' id='word_1_271' title='bbox 759 4766 876 4838; x_wconf 93' lang='lat' dir='ltr'>nostri</span> <span class='ocrx_word' id='word_1_272' title='bbox 903 4767 1085 4838; x_wconf 89' lang='lat' dir='ltr'>exhibent</span> <span class='ocrx_word' id='word_1_273' title='bbox 1110 4764 1281 4863; x_wconf 90' lang='lat' dir='ltr'>legitque</span> <span class='ocrx_word' id='word_1_274' title='bbox 1308 4767 1516 4863; x_wconf 91' lang='lat' dir='ltr'>Porphyrio</span> <span class='ocrx_word' id='word_1_275' title='bbox 1543 4766 1713 4839; x_wconf 87' lang='lat' dir='ltr'>relictum</span> <span class='ocrx_word' id='word_1_276' title='bbox 1739 4785 1808 4841; x_wconf 91' lang='lat' dir='ltr'>est.</span> 
     </span>
    </p>
   </div>
   <div class='ocr_carea' id='block_1_6' title="bbox 657 5301 1075 5398">
    <p class='ocr_par' dir='ltr' id='par_1_6' title="bbox 657 5301 1075 5398">
     <span class='ocr_line' id='line_1_31' title="bbox 657 5301 1075 5398; baseline -0.005 -24"><span class='ocrx_word' id='word_1_277' title='bbox 657 5301 736 5374; x_wconf 87' lang='lat' dir='ltr'>Sat.</span> <span class='ocrx_word' id='word_1_278' title='bbox 765 5302 779 5373; x_wconf 96' lang='lat' dir='ltr'>l</span> <span class='ocrx_word' id='word_1_279' title='bbox 812 5323 873 5386; x_wconf 93' lang='lat'>10,</span> <span class='ocrx_word' id='word_1_280' title='bbox 899 5305 948 5392; x_wconf 87' lang='lat'>64</span> <span class='ocrx_word' id='word_1_281' title='bbox 973 5325 1075 5398; x_wconf 88' lang='lat' dir='ltr'>sqq:</span> 
     </span>
    </p>
   </div>
   <div class='ocr_carea' id='block_1_7' title="bbox 942 5451 1740 6019">
    <p class='ocr_par' dir='ltr' id='par_1_7' title="bbox 942 5451 1740 6019">
     <span class='ocr_line' id='line_1_32' title="bbox 1225 5451 1639 5531; baseline 0.002 -19"><span class='ocrx_word' id='word_1_282' title='bbox 1225 5451 1309 5513; x_wconf 78' lang='lat' dir='ltr'>fuerit</span> <span class='ocrx_word' id='word_1_283' title='bbox 1331 5452 1479 5528; x_wconf 90' lang='lat' dir='ltr'>Lucilius,</span> <span class='ocrx_word' id='word_1_284' title='bbox 1500 5453 1639 5531; x_wconf 81' lang='lat' dir='ltr'>inquam,</span> 
     </span>
     <span class='ocr_line' id='line_1_33' title="bbox 945 5549 1617 5623; baseline 0.003 -13"><span class='ocrx_word' id='word_1_285' title='bbox 945 5549 1048 5610; x_wconf 88' lang='lat' dir='ltr'>Comis</span> <span class='ocrx_word' id='word_1_286' title='bbox 1067 5561 1097 5610; x_wconf 85' lang='lat' dir='ltr'>et</span> <span class='ocrx_word' id='word_1_287' title='bbox 1119 5552 1262 5623; x_wconf 84' lang='lat' dir='ltr'>urbanus,</span> <span class='ocrx_word' id='word_1_288' title='bbox 1283 5551 1368 5612; x_wconf 87' lang='lat' dir='ltr'>fuerit</span> <span class='ocrx_word' id='word_1_289' title='bbox 1390 5550 1518 5612; x_wconf 86' lang='lat' dir='ltr'>limatior</span> <span class='ocrx_word' id='word_1_290' title='bbox 1538 5551 1617 5612; x_wconf 86' lang='lat' dir='ltr'>idem</span> 
     </span>
     <span class='ocr_line' id='line_1_34' title="bbox 942 5647 1740 5724; baseline 0.003 -17"><span class='ocrx_word' id='word_1_291' title='bbox 942 5648 1041 5724; x_wconf 86' lang='lat' dir='ltr'>Quam</span> <span class='ocrx_word' id='word_1_292' title='bbox 1063 5647 1143 5708; x_wconf 89' lang='lat' dir='ltr'>rudis</span> <span class='ocrx_word' id='word_1_293' title='bbox 1162 5659 1192 5709; x_wconf 89' lang='lat' dir='ltr'>et</span> <span class='ocrx_word' id='word_1_294' title='bbox 1213 5648 1333 5709; x_wconf 89' lang='lat' dir='ltr'>Graecis</span> <span class='ocrx_word' id='word_1_295' title='bbox 1354 5647 1456 5709; x_wconf 88' lang='lat' dir='ltr'>intacti</span> <span class='ocrx_word' id='word_1_296' title='bbox 1477 5649 1616 5710; x_wconf 86' lang='lat' dir='ltr'>carminis</span> <span class='ocrx_word' id='word_1_297' title='bbox 1635 5661 1740 5711; x_wconf 86' lang='lat' dir='ltr'>auctor</span> 
     </span>
     <span class='ocr_line' id='line_1_35' title="bbox 942 5745 1709 5824; baseline 0.007 -20"><span class='ocrx_word' id='word_1_298' title='bbox 942 5745 1101 5824; x_wconf 88' lang='lat' dir='ltr'>Quamque</span> <span class='ocrx_word' id='word_1_299' title='bbox 1122 5757 1275 5824; x_wconf 87' lang='lat' dir='ltr'>poetarum</span> <span class='ocrx_word' id='word_1_300' title='bbox 1295 5745 1443 5807; x_wconf 82' lang='lat' dir='ltr'>seniorum</span> <span class='ocrx_word' id='word_1_301' title='bbox 1466 5747 1565 5808; x_wconf 86' lang='lat' dir='ltr'>turba:</span> <span class='ocrx_word' id='word_1_302' title='bbox 1587 5748 1639 5808; x_wconf 85' lang='lat' dir='ltr'>sed</span> <span class='ocrx_word' id='word_1_303' title='bbox 1660 5747 1709 5809; x_wconf 87' lang='lat' dir='ltr'>ille</span> 
     </span>
     <span class='ocr_line' id='line_1_36' title="bbox 942 5843 1730 5923; baseline 0.005 -20"><span class='ocrx_word' id='word_1_304' title='bbox 942 5843 972 5903; x_wconf 92' lang='lat' dir='ltr'>Si</span> <span class='ocrx_word' id='word_1_305' title='bbox 993 5845 1068 5904; x_wconf 85' lang='lat' dir='ltr'>foret</span> <span class='ocrx_word' id='word_1_306' title='bbox 1088 5845 1145 5905; x_wconf 91' lang='lat' dir='ltr'>hoc</span> <span class='ocrx_word' id='word_1_307' title='bbox 1167 5855 1298 5906; x_wconf 88' lang='lat' dir='ltr'>nostrum</span> <span class='ocrx_word' id='word_1_308' title='bbox 1319 5845 1379 5906; x_wconf 82' lang='lat' dir='ltr'>lato</span> <span class='ocrx_word' id='word_1_309' title='bbox 1401 5847 1536 5923; x_wconf 82' lang='lat' dir='ltr'>delapsus</span> <span class='ocrx_word' id='word_1_310' title='bbox 1556 5845 1586 5905; x_wconf 92' lang='lat' dir='ltr'>in</span> <span class='ocrx_word' id='word_1_311' title='bbox 1607 5865 1730 5921; x_wconf 86' lang='lat' dir='ltr'>aeuum,</span> 
     </span>
     <span class='ocr_line' id='line_1_37' title="bbox 942 5941 1361 6019; baseline 0.002 -17"><span class='ocrx_word' id='word_1_312' title='bbox 942 5943 1092 6003; x_wconf 86' lang='lat' dir='ltr'>Detereret</span> <span class='ocrx_word' id='word_1_313' title='bbox 1112 5941 1167 6004; x_wconf 89' lang='lat' dir='ltr'>sibi</span> <span class='ocrx_word' id='word_1_314' title='bbox 1189 5944 1282 6003; x_wconf 87' lang='lat' dir='ltr'>multa</span> <span class='ocrx_word' id='word_1_315' title='bbox 1301 5962 1361 6019; x_wconf 89' lang='lat' dir='ltr'>eqs.</span> 
     </span>
    </p>
   </div>
   <div class='ocr_carea' id='block_1_8' title="bbox 0 0 2596 7396">
    <p class='ocr_par' dir='ltr' id='par_1_8' title="bbox 0 0 2596 7396">
     <span class='ocr_line' id='line_1_38' title="bbox 0 0 2596 7396; baseline 0 3"><span class='ocrx_word' id='word_1_316' title='bbox 0 0 2596 7396; x_wconf 95' lang='lat' dir='ltr'> </span> 
     </span>
    </p>
   </div>
  </div>
 </body>
</html>
