5182 7396
1219 1003 1242 1074 5

484 1203 597 1276 modo
632 1202 814 1276 sactorum
849 1229 1003 1300 prorsus
1037 1203 1196 1278 oblitum
1233 1228 1369 1276 nauem
1403 1204 1559 1277 fractam
1585 1203 1739 1278 reficere
1766 1205 1979 1303 iterumque

484 1352 586 1401 mare
624 1327 779 1400 infidum
815 1344 1024 1425 temptare,
1064 1329 1102 1401 id
1136 1328 1367 1402 conueniens
1402 1327 1515 1424 plane
1541 1344 1601 1402 est
1627 1329 1776 1402 Horatii
1802 1327 1976 1402 consilio:

484 1429 571 1526 nam
610 1452 713 1525 illum
753 1453 834 1550 rapi
872 1452 1145 1526 consuetudine
1184 1478 1310 1550 neque
1348 1470 1480 1527 contra
1518 1469 1691 1526 naturam
1730 1479 1837 1528 suam
1862 1478 1978 1550 agere

483 1603 552 1674 per
586 1578 755 1675 quietem
789 1577 943 1651 omnino
978 1603 1090 1676 posse
1125 1576 1415 1674 significandum
1449 1593 1550 1664 erat,
1588 1593 1628 1650 et
1664 1602 1789 1650 rerum
1816 1577 1978 1651 ueritate

482 1701 535 1774 sic
569 1703 724 1775 iubente
760 1719 799 1775 et
834 1719 875 1774 ut
908 1701 1030 1775 coloni
1065 1702 1166 1776 aruis
1200 1701 1331 1798 patriis
1367 1701 1599 1775 inhaerentis
1633 1701 1837 1799 descriptio
1873 1728 1979 1799 prae-

482 1826 621 1899 cedens
647 1853 695 1900 ex
721 1826 908 1900 contrario
934 1842 1120 1924 augeatur
1146 1826 1451 1924 intendaturque.

555 1950 634 2023 Sed
668 1951 885 2048 negandum
922 1967 1002 2035 est,
1041 1950 1167 2022 uerbis
1201 1977 1224 2024 a
1258 1951 1447 2024 codicibus
1474 1951 1621 2024 traditis
1647 1967 1687 2024 et
1713 1951 1837 2024 inesse
1863 1951 1977 2024 talem

482 2075 632 2172 qualem
668 2073 802 2148 uolunt
832 2074 1062 2148 sententiam
1089 2091 1128 2148 et
1156 2075 1452 2172 Porphyrionem
1478 2100 1584 2148 suam
1611 2075 1838 2172 adplicuisse
1864 2076 1976 2148 inter-

482 2200 745 2298 pretationem.
786 2200 849 2273 ubi
884 2200 985 2272 enim
1012 2217 1198 2274 mercator
1224 2216 1492 2296 tempestatem
1519 2201 1557 2273 in
1584 2202 1676 2274 mari
1704 2202 1853 2298 patiens
1879 2227 1976 2275 com-

481 2323 739 2398 memoratur?
760 2349 847 2398 nam
862 2333 1025 2397 metuens
1038 2324 1236 2397 luctantem
1250 2325 1285 2396 Ι.
1292 2323 1330 2424 f.
1343 2325 1383 2397 A
1377 2323 1528 2424 fricum
1541 2326 1678 2398 dicitur
1690 2325 1927 2400 solummodo
1945 2327 1977 2399 is

481 2449 545 2546 qui
567 2449 648 2522 siue
672 2449 711 2521 in
735 2465 836 2522 terra
852 2449 934 2522 siue
953 2449 991 2520 in
1006 2449 1093 2522 naui
1108 2449 1254 2547 positus
1269 2465 1468 2522 uenturam
1483 2450 1520 2521 in
1534 2451 1627 2524 mari
1642 2451 1759 2523 Icario
1773 2449 1976 2548 procellam

481 2574 608 2662 timet;
635 2575 822 2672 siquidem
849 2589 987 2671 suapte
1014 2590 1148 2648 natura
1175 2575 1369 2647 metuendi
1397 2576 1554 2647 uerbum
1580 2576 1630 2647 ad
1644 2591 1795 2671 tempus
1809 2574 1976 2647 futurum

479 2715 638 2795 spectat.
678 2700 765 2772 hinc
802 2715 905 2772 recte
942 2698 1103 2795 legimus
1137 2699 1197 2771 od.
1226 2699 1240 2770 l
1268 2722 1310 2791 3,
1344 2722 1387 2772 10
1419 2725 1523 2796 sqq:
1561 2699 1630 2795 qui
1652 2697 1843 2798 fragilem
1878 2699 1980 2772 truci

478 2823 660 2897 commisit
675 2824 812 2922 pelago
836 2833 957 2896 ratam
975 2822 1132 2918 primus
1157 2849 1220 2896 nec
1246 2823 1373 2895 timuit
1388 2822 1632 2919 praecipitem
1651 2824 1691 2896 A
1685 2822 1836 2923 fricum
1857 2823 1975 2897 decer-

479 2959 617 3022 tantem
642 2948 913 3045 Aquilonibus,
950 2948 1021 3020 hoc
1046 2963 1124 3020 est:
1157 2948 1222 3045 qui
1247 2948 1407 3021 credidit
1433 2973 1569 3020 nauem
1597 2947 1707 3020 undis
1732 2946 1814 3020 sine
1840 2948 1976 3022 timore

478 3075 723 3146 aduersorum
758 3072 872 3146 maris
907 3097 1060 3146 casuum
1086 3072 1206 3145 serius
1232 3072 1335 3145 ocius
1361 3088 1465 3145 certo
1491 3072 1734 3160 instantium;
1761 3072 1848 3145 hinc
1873 3074 1975 3170 apud

479 3197 728 3271 Dracontium
755 3197 777 3270 l.
799 3196 821 3271 l.
849 3197 947 3270 bene
973 3197 1072 3270 inter
1097 3213 1241 3270 metum
1269 3196 1517 3294 procellarum
1543 3196 1640 3270 forte
1665 3197 1909 3270 oriundarum
1935 3213 1975 3270 et

478 3348 582 3396 mare
616 3322 690 3396 iam
725 3323 897 3396 rabidum
923 3322 1181 3420 distinguitur.
1216 3339 1257 3396 at
1281 3322 1313 3395 si
1339 3324 1449 3396 adest
1474 3338 1685 3420 tempestas
1711 3348 1842 3396 necem
1868 3323 1975 3396 exiti·

478 3472 619 3545 umque
653 3447 850 3535 minitan5‚
887 3464 968 3521 tum
1002 3473 1086 3520 eam
1119 3463 1235 3546 pauet
1261 3463 1301 3521 et
1326 3448 1456 3520 horret
1481 3463 1521 3521 et
1547 3447 1714 3544 trepidat
1739 3448 1872 3534 homo,
1900 3447 1974 3521 iam

478 3596 554 3645 non
589 3596 674 3644 eam
709 3572 864 3660 metuit;
900 3572 943 3645 cs.
979 3598 1037 3645 εκ.
1072 3598 1129 3670 gr.
1165 3573 1276 3669 epod.
1311 3597 1351 3658 2,
1378 3577 1401 3644 6
1427 3571 1561 3646 horret
1582 3572 1727 3647 iratum
1753 3598 1877 3659 mare,
1911 3572 1972 3645 od.

477 3696 509 3768 II
541 3719 602 3789 13,
635 3719 678 3788 14
711 3697 845 3769 nauita
870 3697 1111 3793 Bosphorum
1145 3697 1183 3769 T
1178 3696 1301 3794 taynus
1320 3697 1579 3793 perhorrescit
1601 3722 1716 3794 mque
1740 3697 1845 3770 ultra
1869 3722 1973 3770 caeca

477 3821 580 3894 timet
611 3821 763 3893 aliunde
788 3819 900 3921 sata,
932 3847 1008 3919 quo
1033 3847 1081 3894 ex
1107 3820 1189 3894 loco
1215 3821 1307 3919 quid
1333 3821 1557 3895 discriminis
1583 3821 1732 3894 intersit
1757 3821 1864 3895 facile
1889 3845 1974 3894 nos·

477 3946 582 4018 citur.
619 3971 707 4018 nam
744 3946 879 4018 metuit
904 3946 1058 4043 quidem
1084 3946 1292 4020 etiamtunc
1319 3945 1401 4031 ille,
1428 3947 1496 4019 sed
1522 3946 1657 4019 metuit
1683 3971 1731 4018 ne
1756 3946 1805 4019 ad
1832 3945 1971 4019 malum

477 4068 591 4143 finem
627 4094 688 4142 res
724 4071 955 4166 perducatur
988 4096 1086 4144 neue
1120 4096 1264 4144 merces
1291 4087 1450 4169 pereant
1477 4086 1595 4167 utque
1621 4070 1782 4168 patriam
1807 4095 1972 4169 suosque

476 4218 655 4292 umquam
693 4194 834 4268 reuisat
872 4219 1047 4292 quaeque
1081 4211 1171 4268 sunt
1205 4195 1420 4268 huiusmodi
1456 4194 1603 4270 similia.
1644 4195 1773 4292 itaque
1807 4195 1845 4268 in
1880 4195 1971 4293 ipsis

476 4320 601 4393 uerbis
638 4320 837 4392 luctantem
874 4321 910 4393 I.
937 4319 976 4420 f.
1011 4321 1051 4393 A
1045 4319 1197 4420 fm'cum
1235 4330 1420 4394 mercator
1458 4329 1622 4392 metuens
1660 4318 1751 4391 nihil
1789 4319 1970 4406 habetur,

476 4445 576 4517 unde
610 4459 826 4517 uersantem
863 4444 900 4516 in
937 4444 1062 4517 media
1095 4442 1260 4541 procella
1291 4460 1447 4518 nautam
1473 4444 1582 4517 nobis
1608 4442 1737 4516 uidere
1763 4442 1970 4517 uideamur.

475 4569 590 4642 immo
615 4569 647 4642 si
673 4596 735 4641 uu.
767 4570 908 4662 15—18
936 4568 1066 4641 intacti
1092 4569 1141 4642 ab
1168 4568 1421 4666 interpretum
1446 4567 1640 4642 lenociniis
1667 4583 1796 4641 mente
1822 4567 1971 4666 integra

475 4693 765 4791 perlegerimus,
801 4692 916 4766 talem
952 4692 1164 4766 necessario
1200 4693 1254 4766 rei
1281 4693 1485 4791 imaginem
1511 4692 1620 4767 nobis
1646 4691 1773 4765 animo
1798 4691 1971 4766 formabi-

474 4843 576 4904 mus,
621 4817 724 4890 illum
759 4817 877 4891 fracto
913 4817 1066 4914 nauigio
1098 4815 1331 4914 aliquamdiu
1366 4817 1541 4892 laudasse
1575 4816 1737 4890 rusticae
1771 4816 1809 4888 in
1848 4817 1971 4913 patria

472 4968 542 5016 sua
575 4942 677 5016 uitae
710 4943 953 5015 securitatem
987 4957 1093 5014 metu
1127 4941 1265 5029 Africi,
1301 4942 1406 5016 cuius
1440 4941 1638 5016 saeuitiam
1669 4940 1759 5014 olim
1788 4957 1970 5038 expertus

472 5082 593 5154 esset,
636 5091 729 5146 mox
772 5082 901 5140 tamen
936 5065 1062 5140 taedio
1097 5066 1335 5164 paupertatis
1369 5082 1495 5140 actum
1529 5090 1697 5164 aequora
1734 5066 1968 5164 repetiuisse.

472 5217 520 5264 en
546 5190 725 5264 bellulum
752 5206 1021 5277 mercatorem,
1049 5191 1113 5288 qui
1139 5190 1281 5264 inuitus
1307 5191 1588 5289 quodammodo
1609 5206 1649 5264 et
1668 5191 1970 5264 cordemetuens

471 5316 586 5391 solius
622 5316 744 5390 uictus
780 5316 962 5390 tenuioris
998 5315 1088 5414 fuga
1122 5315 1240 5390 intrat
1273 5341 1396 5402 mare,
1433 5332 1671 5414 quantopere
1706 5330 1894 5388 mutatum
1920 5315 1968 5388 ab

473 5441 534 5514 illo
560 5467 673 5540 quem
699 5466 816 5538 supra
841 5440 1081 5538 suspeximus
1105 5439 1300 5527 admirati,
1328 5466 1442 5538 quarn
1468 5440 1542 5514 iarn
1569 5465 1645 5514 non
1672 5440 1967 5538 respondentem

471 5581 610 5663 poetae
634 5565 807 5640 consilio!
835 5590 923 5638 nam
949 5565 1020 5640 hoc
1046 5565 1254 5639 tenendum
1280 5581 1358 5652 est,
1390 5590 1504 5664 quam
1530 5580 1634 5639 recte
1659 5590 1728 5662 per
1745 5589 1789 5637 se
1800 5563 1968 5638 indocilis

471 5690 533 5764 ille
549 5691 772 5788 pauperiem
790 5692 880 5787 pati
903 5706 1060 5764 uocetur
1088 5689 1146 5789 (cf.
1174 5689 1282 5788 epist.
1311 5691 1326 5762 l
1357 5715 1394 5778 1,
1421 5689 1506 5788 46),
1542 5706 1620 5764 tarn
1646 5713 1764 5787 praue
1789 5690 1860 5764 hoc
1886 5688 1967 5762 loco

471 5817 520 5890 ob
557 5841 642 5890 eam
676 5842 790 5890 unam
824 5841 975 5891 causam
1010 5814 1114 5889 illum
1148 5814 1285 5888 iterum
1322 5831 1482 5913 pontum
1508 5814 1695 5912 experiri,
1721 5839 1805 5887 cum
1832 5828 1967 5886 natura

470 5966 514 6014 ac
562 5941 837 6015 consuetudine
883 5941 1122 6039 potissimum
1162 5940 1312 6014 errandi
1350 5940 1592 6038 audendique
1630 5939 1789 6037 cupidus
1826 5939 1966 6012 debeat
