5182 7396
1320 1023 1364 1094 12

595 1230 746 1304 Ulixem
772 1230 821 1303 ad
848 1229 1002 1314 Circen,
1031 1226 1084 1300 sic
1110 1227 1264 1299 maritos
1290 1251 1378 1298 suos
1404 1225 1453 1298 ad
1480 1223 1643 1297 Barine'n
1657 1221 1753 1294 ferat
1773 1219 1900 1316 ibique
1914 1217 2086 1291 retineat.

593 1354 729 1429 stultos
763 1370 892 1428 autem
925 1351 1097 1425 librarios
1130 1350 1257 1424 decuit
1291 1374 1403 1433 sane,
1444 1349 1543 1421 maht
1579 1373 1654 1420 non
1682 1344 1913 1419 intellectum
1942 1357 2088 1416 mutare

593 1479 631 1552 in
657 1479 812 1553 obuium
838 1477 929 1551 illud
955 1487 1031 1550 lua.

667 1854 894 1934 Od.ll11‚
930 1873 1085 1944 13—-171

1035 2029 1097 2089 Cur
1117 2048 1178 2089 non
1199 2029 1333 2089 subalta
1353 2027 1400 2087 uel
1421 2027 1543 2103 platano
1564 2027 1611 2086 uel
1630 2027 1687 2086 hac

1035 2127 1111 2188 Pinu
1132 2126 1261 2187 iacentes
1280 2125 1322 2186 sic
1343 2135 1452 2186 temere
1472 2134 1502 2184 et
1523 2143 1589 2184 rosa

1075 2225 1173 2286 Canos
1194 2222 1309 2286 odorati
1329 2223 1469 2300 capillos,

1115 2325 1196 2382 Dum
1216 2321 1301 2396 licet,
1322 2321 1502 2398 Assyrioque
1522 2321 1615 2381 nardo

1036 2423 1178 2482 Petamus
1198 2419 1302 2480 uncti?

594 2611 663 2657 suo
699 2585 778 2658 iure
814 2583 1097 2680 Peerlkampius
1135 2599 1174 2654 et
1201 2582 1380 2654 Lehrsius
1419 2581 1522 2654 canis
1547 2578 1691 2677 capillis
1717 2578 1840 2651 locum
1866 2603 1950 2651 esse
1977 2603 2089 2676 nega-

596 2726 734 2784 uerunt
772 2726 859 2807 post
893 2709 1043 2781 Horatii
1081 2709 1129 2780 ad
1165 2707 1369 2803 Hirpinum
1397 2705 1594 2802 Quintium
1629 2702 1955 2790 adhortationem,
1984 2720 2025 2776 ut
2051 2703 2089 2776 in

596 2853 673 2909 tam
707 2835 814 2907 breui
849 2832 1057 2906 iuuentutis
1092 2831 1183 2904 flore
1219 2847 1348 2904 utatur
1387 2830 1495 2904 annis
1521 2829 1718 2926 fugacibus
1745 2829 1900 2925 uitaque
1926 2828 2088 2914 fruatur,

595 2977 800 3056 antequam
835 2959 995 3054 obrepat
1031 2973 1217 3030 senectus.
1258 2980 1333 3028 non
1369 2952 1554 3027 intellexit
1589 2952 1730 3026 scilicet
1755 2951 1928 3026 librarius
1954 2951 2089 3050 aliquis

595 3109 641 3158 ea
678 3108 778 3182 quae
816 3082 1049 3179 praecedunt
1084 3109 1144 3153 uu.
1182 3081 1295 3174 5—8:
1326 3078 1443 3180 fugit
1473 3089 1577 3152 retro
1610 3079 1702 3152 leuis
1727 3079 1901 3150 z'uuentas
1925 3088 1961 3150 et
1983 3076 2090 3149 decor

594 3209 707 3282 anila
733 3208 891 3304 pelknle
920 3207 1077 3280 loscr'uos
1100 3230 1246 3278 amores
1271 3204 1403 3278 canz'lr'e
1419 3202 1642 3304 facilemque
1666 3227 1837 3276 somnum
1864 3201 2090 3300 putauitque

596 3334 689 3407 haec
715 3333 768 3406 ita
793 3357 877 3406 esse
903 3331 1005 3405 dicta
1029 3331 1136 3429 quasi
1164 3329 1237 3404 iam
1257 3355 1297 3401 re
1311 3353 1403 3401 uera
1415 3327 1564 3426 fugeret
1577 3329 1692 3400 decus
1707 3325 1881 3400 iuuenale
1894 3351 2090 3425 senexque

596 3475 711 3556 poeta
744 3457 826 3530 seni
859 3457 980 3530 amico
1014 3453 1182 3529 hilariter
1208 3454 1360 3527 uiuendi
1387 3479 1455 3550 per
1482 3478 1640 3550 paruum
1666 3452 1833 3549 spatium
1859 3451 2090 3549 bibendique

595 3601 727 3657 auctor
764 3581 956 3656 existeret.
997 3606 1066 3654 nos
1105 3605 1196 3653 uero
1235 3578 1363 3652 calidis
1401 3577 1524 3651 adhuc
1560 3577 1854 3676 uigentibusque
1889 3576 2089 3650 iuuenibus

596 3708 699 3806 quod
733 3707 911 3781 conuenit
944 3705 1146 3779 reddamus
1181 3703 1436 3801 faciamusque
1469 3728 1535 3776 eos
1569 3701 1743 3775 festiuam
1770 3701 2091 3799 compotationem

596 3833 733 3905 sestiuo
759 3848 894 3904 ornatu
921 3830 1108 3903 adituros:

1096 4000 1161 4040 rosa
1182 3984 1281 4040 cultos
1302 3979 1418 4040 odorati
1437 3979 1569 4056 capillos.

596 4145 699 4242 quod
738 4143 819 4216 uitii
857 4167 980 4239 genus
1017 4141 1138 4214 subsit
1177 4141 1302 4213 uides:
1343 4140 1505 4213 inhaesit
1543 4141 1688 4212 scribae
1727 4165 1843 4236 supra
1876 4139 2090 4212 adumbrati

597 4268 801 4342 memoriae
825 4268 976 4340 cam'tz'es
1002 4265 1093 4339 salse
1118 4283 1292 4362 accepta,
1321 4265 1490 4361 reposuit
1516 4265 1615 4337 idem
1643 4281 1777 4361 postea
1803 4265 1851 4337 ad
1866 4262 2091 4337 uocabulum

596 4419 619 4467 a
645 4392 779 4466 litteris
806 4390 927 4465 simile
953 4390 1100 4464 delatus
1127 4391 1556 4486 iterumcanoscopr'llos.
1584 4414 1700 4486 saepe
1715 4389 1785 4461 hoc
1799 4390 1911 4462 modo
1925 4406 2091 4461 erratum

597 4543 680 4592 esse
720 4519 756 4591 in
795 4516 1052 4590 describendis
1091 4532 1265 4587 ueterum
1303 4531 1499 4587 auctorum
1536 4514 1790 4586 monumentis
1824 4531 1884 4586 sat
1920 4531 2091 4600 constat;

596 4643 701 4716 cuius
728 4642 780 4716 rei
808 4640 1051 4714 memorabile
1077 4665 1168 4713 sane
1195 4638 1410 4736 exemplum
1437 4641 1527 4712 data
1552 4639 1749 4712 occasione
1775 4637 1881 4711 lubet
1907 4655 2091 4724 tractare,
2130 4649 2132 4654 “

596 4768 680 4840 dico
706 4766 827 4840 locum
855 4765 1020 4838 Lucretii
1047 4765 1078 4866 ll
1104 4787 1154 4856 40
1178 4789 1281 4862 sqq:

978 4923 1091 4985 Sinon
1113 4927 1186 4986 forte
1207 4937 1271 4986 tuas
1291 4924 1419 5004 legiones
1439 4944 1492 5002 per
1513 4927 1579 4986 loca
1600 4923 1699 5002 campi

978 5024 1101 5084 Feruere
1122 5043 1191 5083 cum
1211 5023 1328 5098 uideas,
1349 5023 1420 5084 belli
1440 5023 1596 5084 simulacra
1616 5021 1735 5096 cientis,

960 5113 1120 5182 'Subsidiis
1141 5121 1255 5199 magnis
1275 5121 1386 5198 epicuri
1408 5120 1625 5194 constabilitas,

926 5259 929 5266 ι
978 5219 1104 5279 Ornatas
1124 5218 1213 5279 armis
1234 5219 1341 5296 pariter
1361 5219 1527 5296 pariterque
1547 5217 1705 5291 animatas,

978 5317 1100 5377 Femere
1122 5336 1190 5376 cum
1211 5316 1312 5378 uideas
1333 5318 1453 5377 classem
1475 5317 1591 5392 lateque
1612 5314 1710 5394 uagari
1731 5335 1791 5392 eqs.

517 5529 521 5536 -
597 5496 637 5552 et
662 5495 789 5552 cetera
814 5479 969 5576 quidem
994 5477 1241 5574 excripsimus
1267 5477 1585 5575 quemadmodum
1609 5476 1814 5550 Lambinus
1829 5476 2092 5550 Lachmannus

599 5603 827 5701 Bemaysius
862 5603 1097 5676 restituenda
1130 5619 1380 5686 censuerunt,
1415 5603 1482 5674 sed
1511 5629 1545 5673 u.
1572 5625 1617 5694 42
1646 5600 1797 5699 qualem
1824 5602 2009 5698 praebent
2035 5627 2093 5675 co

597 5730 700 5802 dices
725 5728 974 5801 exhibuimus.
1002 5745 1060 5800 est
1085 5745 1213 5800 autem
1241 5725 1499 5812 manifestum,
1533 5727 1748 5823 importune
1774 5725 1913 5800 librarii
1942 5751 2094 5799 manum

597 5853 710 5926 cartis
744 5853 943 5926 mandasse
978 5877 1115 5925 nomen
1151 5853 1231 5925 eius
1257 5876 1371 5947 quem
1407 5868 1541 5948 utpote
1566 5877 1589 5924 a
1616 5851 1791 5924 Lucretio
1819 5867 1876 5924 tot
1902 5851 2095 5948 tantisque

598 5976 771 6051 laudibus
818 5975 959 6051 elatum
996 5977 1143 6050 animus
1183 5977 1300 6073 ipsius
1342 5976 1403 6072 pia
1442 5979 1743 6074 prosequebatur
1782 5975 1972 6047 memoria.
2026 6001 2095 6048 nec
