5182 7396
1310 970 1358 1044 20

587 1171 698 1258 uitia,
730 1187 823 1269 puta
849 1172 1085 1271 impietatem
1114 1173 1164 1270 (u.
1193 1171 1254 1272 35)
1282 1188 1323 1247 et
1348 1171 1543 1247 leuitatem
1572 1172 1622 1269 (u.
1653 1171 1713 1270 37)
1741 1187 1781 1244 et
1807 1171 2081 1268 impudentiam

588 1296 639 1395 (u.
665 1295 729 1394 49)
770 1297 1002 1395 perstringit.
1042 1321 1272 1395 quamquam
1306 1313 1365 1371 est
1399 1298 1684 1372 concedendum
1711 1295 1993 1393 Peerlkampio,
2020 1294 2083 1370 illa

585 1420 634 1494 de
659 1435 771 1518 porta
795 1422 964 1496 eburnea
990 1421 1176 1495 rhetorice
1202 1420 1516 1520 dicta⁷nimisque
1542 1421 1716 1520 quaesita
1741 1446 1816 1494 non
1831 1421 1930 1494 bene
1944 1419 2081 1518 uirgini

584 1544 753 1618 dementi
786 1545 937 1621 dedisse
972 1546 1193 1621 Horatium:
1237 1545 1327 1621 talia
1352 1546 1454 1620 enim
1479 1571 1665 1620 exornare
1691 1547 1892 1619 uerborum
1920 1544 2081 1618 flosculis

585 1685 644 1742 est
678 1671 802 1767 pacati
838 1670 1107 1770 tranquillique
1140 1671 1266 1746 animi.
1308 1671 1378 1744 hoc
1412 1687 1454 1743 ut
1485 1687 1624 1768 poetae
1650 1669 1817 1743 dandum
1843 1686 1902 1743 est
1927 1669 2080 1768 culpae,

585 1792 638 1866 ita
672 1794 710 1867 in
746 1793 898 1893 reliquis
929 1796 964 1869 ei
990 1796 1192 1870 eximenda
1217 1794 1363 1869 macula
1387 1820 1411 1868 a
1436 1793 1596 1869 librariis
1620 1794 1812 1892 adspersa.
1853 1819 1941 1868 nam
1966 1819 2081 1892 quam

584 1934 688 1991 recte
720 1945 762 1994 se
795 1919 912 1993 habet
946 1921 1160 2020 uzgr'lansne
1185 1920 1299 2017 ploro
1329 1946 1382 1993 an
1408 1945 1464 1992 me
1488 1919 1587 1992 ludit
1606 1919 1762 2018 imago?
1801 1918 1960 2018 (quippe
1985 1920 2082 1993 adeo

585 2041 746 2116 inmanis
781 2069 840 2117 res
870 2060 950 2131 est,
987 2061 1029 2117 ut
1054 2070 1153 2144 quae
1179 2044 1267 2118 fecit
1292 2043 1424 2118 fecisse
1449 2069 1492 2117 se
1518 2060 1683 2142 nequeat
1709 2043 1863 2116 credere
1889 2043 2080 2142 Europa),

584 2182 663 2240 tam
701 2194 820 2265 praua
855 2186 972 2268 atque
1011 2170 1218 2266 incongrua
1255 2185 1315 2242 est
1349 2168 1443 2242 haec
1468 2168 1716 2265 interrogatio
1741 2168 1919 2242 nullusne
1933 2165 2081 2264 stactus

583 2291 642 2364 ire
666 2302 742 2389 per
775 2294 904 2393 longos
928 2293 1018 2395 fuit
1048 2320 1100 2366 an
1133 2304 1293 2366 recentes
1325 2303 1479 2390 carpere
1502 2291 1655 2389 stores?
1692 2292 1762 2366 hac
1796 2292 1940 2390 quippe
1965 2293 2014 2366 de
2040 2319 2081 2367 re

584 2416 772 2491 dubitatio
799 2417 900 2492 nulla
924 2418 995 2492 fuit
1020 2443 1089 2492 nec
1115 2443 1199 2492 esse
1226 2417 1369 2515 potuit:
1409 2417 1500 2515 quia
1525 2442 1629 2490 mare
1655 2417 1829 2504 intrauit,
1857 2418 1942 2490 ideo
1968 2442 2081 2492 omne

583 2539 655 2613 sibi
682 2540 820 2614 malum
847 2542 1051 2640 contigisse
1077 2542 1175 2615 bene
1201 2541 1272 2615 scit
1297 2558 1337 2614 et
1362 2542 1411 2614 ob
1438 2541 1476 2614 id
1502 2566 1544 2615 se
1570 2541 1740 2638 increpat
1766 2541 2020 2640 obiurgatque
2041 2557 2081 2616 et

584 2681 675 2738 ante
711 2665 788 2764 (uu.
825 2668 983 2765 34—37)
1020 2684 1060 2740 et
1096 2683 1239 2764 postea.
1278 2667 1554 2741 attendendum
1579 2683 1707 2739 autem
1733 2666 1781 2739 ad
1806 2666 2080 2762 cogitationum

585 2789 685 2863 inter
717 2815 758 2863 se
794 2817 944 2864 nexum.
985 2791 1197 2889 quaestioni
1233 2789 1283 2863 illi
1310 2791 1475 2890 uzgr'lone
1499 2817 1552 2863 an
1574 2791 1746 2864 somnio?
1782 2791 1961 2888 quoniam
1988 2791 2081 2866 haec

586 2939 661 2988 una
687 2932 745 2988 est
771 2915 968 3013 responsio
993 2940 1083 2988 sane
1110 2915 1229 3013 (eheu)
1258 2915 1395 3014 utgilo,
1432 2915 1505 2989 iam
1531 2940 1768 3013 consequeus
1795 2933 1854 2988 est
1879 2915 1992 2990 boce:
2018 2917 2086 2990 scd

583 3065 656 3136 quo
689 3040 837 3113 endem
871 3040 975 3114 modo
1000 3041 1054 3113 ila
1079 3065 1193 3139 agere
1212 3040 1351 3137 potui?
1388 3040 1532 3138 quippe
1559 3039 1743 3114 rationem
1768 3039 1839 3113 sibi
1865 3040 2081 3115 dementiae

583 3189 676 3237 suae
705 3164 865 3238 reddere
890 3165 1047 3238 student
1073 3165 1198 3238 miseri
1225 3181 1369 3238 rectum
1396 3189 1632 3263 prauumque
1659 3163 1759 3238 inter
1783 3190 1825 3237 se
1849 3167 2080 3264 opponendo

585 3313 669 3362 cum
695 3313 843 3363 summa
866 3289 1095 3363 acerbitate:
1122 3316 1213 3363 num
1240 3315 1400 3386 prauum
1426 3289 1512 3363 ideo
1537 3288 1607 3362 feci
1621 3289 1711 3387 quia
1724 3287 1857 3362 melius
1870 3307 1952 3363 erat
1965 3315 2079 3388 quam

584 3412 758 3486 rectum?
798 3413 850 3487 ita
875 3414 965 3511 quia
991 3413 1159 3512 cogitare
1184 3413 1282 3488 solet
1307 3413 1455 3488 animus
1481 3413 1669 3487 humanus
1694 3412 1908 3489 calamitate
1934 3432 2080 3513 pertur-

582 3539 715 3624 batus,
742 3537 897 3636 Europa
922 3537 1024 3636 loqui
1050 3539 1183 3612 debuit
1209 3538 1279 3612 hoc
1305 3539 1436 3612 modo:

943 3733 1146 3796 meliusne...
1167 3733 1221 3794 suit
1240 3755 1274 3794 ac
1294 3744 1425 3795 recentes
1445 3752 1564 3810 carpere
1585 3733 1691 3795 flores?

582 3937 744 4020 apparet
769 3922 870 3995 enim
897 3921 1001 4018 prius
1028 3920 1119 3994 illud
1144 3921 1416 4021 uzgr‘lansm—
1432 3947 1485 3994 an
1509 3921 1608 3993 ludit
1619 3921 1812 3994 induxisse
1829 3921 2022 3996 librarium
2037 3941 2079 3997 ut

582 4044 703 4119 altero
737 4071 890 4144 quoque
924 4045 1006 4119 loco
1034 4072 1088 4119 an
1114 4046 1338 4120 rescriberet
1365 4070 1434 4142 pro
1457 4071 1520 4132 ac;
1548 4047 1651 4142 quod
1677 4045 1759 4118 uice
1784 4047 1866 4120 eius
1891 4049 1994 4145 quod
2020 4066 2079 4123 est

581 4196 695 4268 quam
720 4170 873 4267 saepius
899 4188 1058 4267 usurpat
1083 4168 1285 4244 Horatius:
1313 4171 1423 4268 epod.
1457 4194 1496 4242 12
1513 4228 1520 4256 ‚
1540 4194 1583 4262 14
1608 4170 1769 4243 Inachia
1781 4171 2078 4270 languesminus

581 4321 624 4370 ac
649 4321 723 4381 nm
774 4296 884 4392 epod.
926 4316 987 4389 15,
1016 4316 1035 4390 5
1072 4293 1249 4392 alibique.
1288 4339 1336 4350 -—
1376 4295 1526 4394 iamque
1564 4295 1727 4368 furorem
1766 4295 1804 4368 in
1843 4296 2078 4370 miseriarum

581 4436 774 4495 auctorem
800 4420 990 4494 conuertit
1015 4419 1142 4516 puella
1166 4437 1366 4494 externata
1394 4419 1470 4516 (uu.
1497 4419 1681 4518 45-48):
1719 4419 1750 4492 si
1776 4420 1894 4507 adsit,
1928 4438 2076 4495 taurum

581 4542 708 4643 gladio
735 4543 914 4618 inuadere
939 4561 1057 4642 atque
1081 4570 1223 4619 cornua
1247 4544 1422 4642 frangere
1446 4544 1583 4641 gestit!
1620 4544 1710 4618 talia
1735 4570 1811 4618 non
1836 4563 1927 4618 sunt
1951 4547 2078 4621 sobria

582 4668 693 4742 nimis
718 4684 847 4741 mente
861 4669 1110 4766 exagitanda,
1127 4685 1167 4741 ut
1180 4668 1350 4743 lecerunt
1365 4669 1648 4765 Peerlkampius
1663 4669 1937 4769 Lehrsiusque,
1953 4697 2077 4769 neque

582 4791 830 4889 flagitandum
870 4810 911 4867 ut
949 4819 1047 4891 quae
1085 4811 1194 4891 optat
1229 4819 1336 4866 mens
1362 4793 1507 4891 percita
1532 4793 1613 4866 fieri
1640 4819 1681 4866 re
1707 4819 1798 4867 uera
1823 4795 1980 4892 possint.
2024 4797 2077 4869 sic

581 4933 784 5016 postquam
818 4917 874 4990 ira
907 4917 1101 5005 detonuit,
1142 4918 1298 5015 Europa
1331 4917 1512 4992 relabitur
1545 4919 1593 4992 ad
1629 4920 1760 4993 mortis
1785 4920 2075 5018 cogitationem:

579 5042 846 5140 impudentem,
893 5043 964 5116 hoc
1001 5061 1079 5130 est,
1127 5042 1401 5118 transilientem
1441 5043 1535 5117 fines
1574 5044 1784 5141 uirginibus
1822 5045 2077 5143 praescriptos

583 5167 651 5267 (sic
680 5167 782 5242 enim
807 5166 1053 5266 explicamus)
1094 5193 1136 5241 se
1174 5167 1328 5267 liquisse
1365 5169 1519 5242 domum
1556 5185 1773 5266 paternam;
1807 5169 2075 5265 impudentem,

579 5290 721 5366 scilicet
759 5316 883 5389 paene
916 5290 1073 5365 oblitam
1104 5293 1195 5390 quid
1222 5319 1321 5366 nunc
1347 5293 1533 5391 uirginem
1559 5294 1713 5379 deceat,
1739 5318 1782 5366 se
1807 5294 1901 5366 mori
1928 5319 2076 5368 cessare

582 5415 659 5515 (uu.
694 5440 762 5509 49,
799 5415 873 5514 50).
915 5433 1074 5489 mortem
1114 5417 1230 5514 igitur
1267 5444 1352 5491 curn
1391 5418 1641 5492 necessariam
1679 5417 1750 5490 sibi
1787 5442 1871 5491 esse
1906 5435 2073 5506 constet,

580 5539 785 5638 puellarem
824 5556 953 5614 tamen
991 5539 1158 5613 animum
1198 5541 1334 5615 iterum
1374 5541 1500 5639 prodit
1541 5541 1617 5640 (uu.
1659 5543 1840 5640 50—56):
1880 5541 1961 5615 uult
1996 5543 2075 5616 uita

579 5666 764 5739 excedere
811 5665 919 5762 quia,
967 5681 1009 5738 ut
1056 5666 1155 5738 bene
1192 5666 1246 5740 ait
1285 5665 1512 5765 Porphyrio,
1551 5683 1717 5766 γυναικείως
1753 5667 1908 5740 sollicita
1941 5677 1998 5740 cst
2029 5692 2075 5740 ne

578 5789 725 5863 desinat
746 5813 822 5861 esse
858 5789 1035 5886 speciosas
1072 5815 1192 5887 quare
1233 5788 1306 5890 [ita
1342 5814 1434 5887 ego:
1472 5815 1567 5887 quac
1603 5789 1862 5891 Monacensis]
1889 5791 2077 5865 dcsz'dcrat

578 5939 691 6011 quam
708 5913 885 6010 primum
904 5915 1056 6010 perire,
1080 5915 1170 5987 dum
1188 5915 1408 6010 pulcritudo
1432 5940 1503 5988 sua
1527 5941 1649 5989 secum
1673 5917 1732 5990 sit.
1760 5940 1859 6014 quae
1883 5917 2075 5991 sententia
