5182 7396
1335 1013 1380 1080 10

609 1242 712 1312 sqq.,
752 1231 791 1287 et
827 1211 1078 1311 praecedente
1116 1210 1256 1283 totiens
1290 1209 1353 1283 illo
1387 1221 1420 1282 le
1456 1210 1579 1283 scriba
1613 1211 1683 1282 hoc
1715 1232 1869 1305 quoque
1895 1205 1977 1280 loco
2004 1205 2103 1279 idem

609 1338 755 1437 posuit,
783 1362 868 1411 cum
895 1360 1037 1432 ponere
1064 1335 1242 1408 deberet:

1047 1489 1091 1547 Et
1110 1488 1182 1564 spes
1201 1497 1231 1546 et
1250 1487 1320 1548 auo
1340 1505 1403 1546 ma
1424 1485 1509 1547 sus
1529 1449 1592 1546 c'ou

1048 1586 1154 1646 Velam
1174 1603 1275 1662 panno
1295 1603 1352 1644 nec
1371 1583 1513 1644 comitem
1533 1584 1661 1662 abnegat
1680 1601 1741 1660 eqs.

609 1749 669 1793 uu.
703 1726 844 1793 16-20
869 1721 917 1793 de
945 1720 1138 1792 Fortunae
1163 1716 1456 1792 anteambulone
1483 1716 1722 1789 Necessitate
1747 1731 1874 1789 actum
1901 1731 1979 1801 est;
2004 1739 2103 1788 nunc

608 1845 699 1943 quid
725 1845 886 1918 eandem
912 1861 1095 1940 sequatur
1120 1843 1343 1940 exponitur:
1369 1841 1523 1939 quando
1549 1859 1589 1914 tu
1616 1840 1753 1938 linquis
1780 1838 1924 1926 feliceS,
1952 1840 2006 1912 tui
2021 1837 2103 1912 loco

608 1969 840 2043 conueniunt
878 1985 918 2042 et
956 1970 1054 2066 Spes
1093 1985 1133 2041 et
1172 1968 1305 2053 Fides,
1346 1991 1444 2064 quae
1479 1981 1763 2063 prosequuntur
1795 1991 1818 2038 a
1853 1981 1892 2037 te
1918 1964 2100 2036 desertos.

608 2095 724 2168 traxit
761 2110 890 2167 autem
930 2093 1083 2177 uitium,
1124 2109 1166 2165 ut
1204 2092 1285 2164 fieri
1322 2089 1438 2176 solet,
1467 2091 1619 2163 uitium:
1656 2115 1749 2163 uoce
1773 2099 1810 2162 el
1834 2089 1871 2161 in
1898 2098 1931 2160 le
1957 2103 2103 2159 mutata

609 2218 820 2292 necessario
843 2220 915 2291 coil
939 2218 976 2290 in
1002 2217 1087 2291 colit
1111 2216 1234 2290 cessit.
1273 2261 1319 2270 -
1358 2217 1521 2288 comitem
1546 2216 1723 2314 abnegat,
1751 2213 1891 2288 scilicet
1915 2239 1972 2299 se,
1999 2212 2102 2309 quod

608 2342 689 2416 loco
715 2343 844 2417 Ouidii
870 2369 902 2417 a.
931 2368 964 2416 a.
995 2344 1009 2414 l
1041 2363 1107 2435 127
1136 2358 1238 2415 recte
1264 2339 1540 2414 stabiliuerunt.

682 2815 755 2889 Od.
792 2816 822 2887 ll
858 2817 880 2887 8
916 2840 991 2887 non
1027 2839 1162 2887 nocere
1203 2814 1363 2887 Barinae
1399 2813 1516 2909 (quod
1556 2835 1694 2882 nornen
1729 2808 1856 2882 multis
1882 2825 2102 2906 suspectum

608 2941 706 3012 bene
740 2955 868 3012 tuetur
903 2939 951 3011 H.
982 2939 1176 3012 Usenerus
1214 2964 1305 3010 mus.
1344 2939 1465 3010 Rheu.
1495 2934 1629 3009 XXIV
1658 2962 1693 3032 p.
1723 2935 1808 3032 341)
1850 2933 2014 3031 periuria
2041 2959 2102 3006 ex·

608 3090 754 3161 ponens
781 3063 963 3136 Horatius
990 3063 1199 3137 haecdicit
1227 3091 1261 3136 u.
1294 3087 1334 3134 12
1363 3089 1466 3160 sqq.:

1008 3213 1100 3275 Ridet
1120 3216 1193 3287 hoc,
1215 3213 1352 3292 inquam,
1374 3215 1475 3274 Venus
1495 3212 1573 3290 ipsa,
1594 3214 1691 3274 rident

1007 3311 1162 3390 Simplices
1183 3313 1356 3389 Nymphae,
1377 3314 1452 3371 lems
1472 3321 1502 3372 et
1521 3309 1640 3388 Cupido

1008 3411 1129 3487 Semper
1149 3411 1284 3470 ardentes
1303 3429 1412 3470 acuens
1431 3409 1550 3488 sagittas

1168 3508 1244 3569 Cote
1264 3518 1393 3569 cruenta.

608 3645 799 3718 hominem
835 3643 1055 3738 simplicem,
1095 3641 1126 3714 si
1161 3666 1184 3714 a
1220 3639 1367 3738 uulgari
1402 3639 1574 3714 uocabuli
1611 3639 1766 3713 notione
1791 3640 1850 3713 hic
1874 3639 2104 3713 alienissima

608 3769 836 3854 recedimus,
864 3784 996 3840 notum
1022 3783 1081 3838 est
1105 3767 1230 3839 uocari
1259 3791 1432 3839 ueracem
1460 3766 1697 3862 probumque
1723 3781 1763 3837 et
1787 3790 1810 3837 a
1831 3764 1962 3838 fraude
1985 3791 2103 3838 remo-

609 3909 707 3965 tum:
747 3918 860 3991 quem
900 3917 969 3988 par
1001 3908 1060 3964 est
1094 3891 1260 3964 auersari
1294 3916 1337 3963 ac
1371 3889 1545 3987 refugere
1580 3914 1694 3986 quam
1729 3890 1892 3962 maxime
1919 3889 2101 3986 periuria,

608 4043 683 4090 non
711 4017 843 4089 ridere.
871 4015 1031 4112 simplex
1058 4015 1173 4088 etiam
1201 4032 1357 4088 uocatur
1383 4015 1522 4088 semina
1549 4014 1602 4086 rei
1628 4014 1834 4087 amatoriae
1859 4031 2006 4087 secreta
2027 4041 2102 4087 non

607 4140 765 4214 callens:
805 4140 917 4239 quale
955 4139 1180 4212 attributum
1217 4140 1369 4212 minime
1395 4141 1505 4212 decet
1532 4139 1731 4236 Nymphas
1758 4139 1920 4212 Veneris
1945 4140 2103 4213 comites

607 4290 779 4363 quasque
805 4264 960 4337 omnino
987 4281 1124 4361 poetae
1152 4264 1283 4361 plenas
1311 4281 1512 4361 proteruae
1539 4262 1714 4336 lasciuiae
1736 4263 1951 4360 amorisque
1963 4265 2103 4361 gaudia

608 4416 683 4463 non
711 4390 922 4464 nescientes
949 4387 1118 4485 fingunt;
1146 4389 1189 4461 cf.
1217 4415 1274 4461 ex.
1302 4415 1357 4486 gr.
1394 4389 1555 4462 Ouidius
1581 4405 1669 4461 met.
1697 4389 1728 4461 ll
1755 4409 1822 4481 451
1852 4399 1901 4474 el,
1920 4389 2108 4485 aisiqaod

607 4517 720 4614 uirga
742 4524 813 4599 esl,
833 4523 987 4609 poleral
1009 4514 1148 4586 sentire
1175 4514 1307 4586 Diana
1334 4514 1431 4586 mille
1445 4515 1542 4587 nolis
1554 4513 1937 4609 calpam:Nymplme
1949 4514 2104 4586 sensisse

597 4637 800 4739 serualur.
829 4638 1029 4736 Nymphas
1053 4654 1180 4710 autem
1208 4637 1398 4710 interdum
1426 4638 1497 4710 dici
1522 4649 1708 4736 agrestes,
1739 4637 1830 4736 quid
1857 4638 1905 4709 ad
1933 4655 2102 4710 nostrum

607 4761 751 4836 locum?
790 4761 909 4835 multo
949 4762 1064 4834 etiam
1104 4761 1225 4859 magis
1265 4760 1393 4858 procul
1432 4763 1597 4834 arcenda
1634 4779 1693 4834 est
1732 4760 1794 4834 illa
1827 4761 2102 4858 interpretandi

606 4887 750 4972 lubid0,
777 4913 853 4985 qua
878 4887 1038 4983 simplex
1064 4887 1164 4959 idem
1191 4912 1275 4958 esse
1301 4885 1481 4987 acfacilis
1496 4886 1762 4983 pronuntiant:
1790 4887 1975 4959 hocenim
1990 4904 2101 4983 pacto

606 5037 654 5084 ex
692 5011 866 5084 omnibus
904 5011 1031 5084 omnia
1060 5010 1211 5083 efficere
1244 5010 1341 5083 licet.
1382 5036 1451 5083 nec
1478 5011 1578 5084 enim
1605 5011 1813 5108 Porphyrio
1841 5009 2101 5108 Vergilianum

605 5137 671 5208 sed
684 5134 821 5236 faciles
846 5135 1049 5232 Nymphae
1074 5136 1193 5208 risere
1219 5133 1347 5207 attulit
1373 5151 1415 5206 ut
1440 5135 1620 5230 simplices
1646 5159 1730 5207 esse
1742 5132 1876 5234 faciles
1889 5135 2101 5231 optineret,

606 5262 672 5334 sed
708 5261 757 5333 ob
790 5258 1016 5332 simillimam
1051 5260 1265 5332 uniuersam
1299 5260 1549 5346 sententiam;
1592 5284 1660 5332 nec
1686 5257 1759 5332 alia
1785 5285 1899 5356 quarn
1926 5259 2103 5356 primaria

606 5384 881 5482 significatione
915 5400 985 5456 sat.
1026 5384 1057 5456 ll
1098 5409 1138 5469 2,
1179 5386 1225 5456 68
1264 5384 1425 5479 simplex
1459 5383 1637 5456 Naeuius
1677 5399 1718 5455 ut
1757 5383 1870 5456 homo
1909 5384 2102 5456 munditiis

605 5508 881 5606 elegantiisque
915 5534 1047 5582 carens
1086 5509 1293 5605 opponitur
1327 5506 1488 5580 delicato
1515 5524 1555 5581 et
1582 5507 1783 5580 luxurioso.
1825 5507 1948 5580 rident
1974 5525 2101 5580 autem

606 5633 809 5730 Nymphae
849 5649 983 5731 utpote
1017 5651 1199 5730 expertae
1234 5633 1443 5706 amantium
1480 5633 1720 5706 iuraiuranda
1756 5633 1880 5705 uentis
1915 5633 2103 5729 portanda

606 5757 702 5830 tradi
741 5784 764 5829 a
797 5757 896 5843 deis,
937 5757 1061 5831 rident
1096 5774 1137 5830 ut
1168 5757 1340 5830 consciae
1367 5759 1651 5854 prudentesque
1678 5783 1802 5830 rerum
1830 5757 2100 5830 Venerearum.

606 5907 768 5978 reponas
794 5907 960 5954 mecum:

1125 5978 1221 6040 rident
1241 5979 1374 6057 duplices
1395 5981 1560 6058 Nymphae.
