5182 7396
1203 1021 1250 1092 25

477 1218 603 1316 aliqua
628 1236 731 1293 certe
757 1221 903 1293 ratione
929 1220 1064 1293 mirum
1090 1221 1316 1294 attributum
1342 1221 1504 1295 delendi.
1531 1223 1599 1295 sed
1626 1223 1725 1296 idem
1740 1222 1972 1321 superfluum

479 1344 550 1417 hoc
583 1343 666 1418 loco
701 1361 817 1442 atque
852 1345 963 1440 inane
997 1371 1082 1418 esse
1116 1345 1279 1443 ideoque
1313 1371 1388 1420 non
1426 1347 1508 1420 sine
1535 1346 1614 1419 iure
1642 1348 1766 1420 uocari
1793 1347 1830 1420 in
1857 1345 1976 1443 suspi-

478 1469 624 1548 cionem
659 1469 690 1542 si
726 1468 904 1554 adfirmo,
946 1468 1072 1565 plures
1108 1485 1149 1542 ut
1185 1485 1278 1566 puto
1313 1471 1461 1545 habebo
1496 1470 1678 1545 credulos.
1719 1497 1788 1545 nec
1822 1470 1975 1544 defuere

478 1593 543 1690 qui
569 1593 639 1666 hoc
666 1593 926 1691 perspicerent
952 1611 1292 1691 construerentque
1319 1610 1527 1691 praeeunte
1542 1595 1801 1692 Porphprione
1819 1621 1974 1669 oceanus

478 1719 618 1792 a'rcum
645 1744 770 1819 uagus
794 1744 896 1790 arua
921 1719 1043 1804 beata,
1071 1719 1190 1792 maius
1218 1718 1268 1790 illi
1295 1719 1448 1816 quidem
1464 1719 1972 1793 inferentesincommodum.

479 1868 565 1917 nam
603 1868 725 1941 paene
760 1842 956 1915 ridiculum
990 1844 1149 1916 dixerim
1177 1844 1265 1916 hoc:
1302 1870 1367 1916 nos
1391 1854 1561 1940 expectat
1584 1870 1690 1917 mare
1713 1845 1815 1941 quod
1834 1845 1975 1918 circum

477 1969 577 2041 sedes
592 1966 822 2069 fortunatas
848 1979 1028 2067 uagatur,
1056 1985 1133 2042 tarn
1161 1986 1318 2066 propter
1343 1969 1508 2065 uagandi
1536 1967 1760 2042 uocabulum
1788 1993 1901 2066 quam
1924 1969 1973 2042 ob

478 2094 602 2190 ipsum
637 2118 801 2166 sensum.
841 2093 1017 2188 numquis
1052 2093 1100 2165 ad
1127 2092 1373 2190 longinquam
1400 2093 1513 2166 maris
1540 2092 1700 2166 insulam
1728 2093 1974 2190 nauigaturus

478 2219 548 2290 hoc
583 2219 696 2291 modo
732 2216 924 2314 loquitur?
961 2217 1106 2290 accedit
1133 2219 1234 2314 quod
1264 2217 1326 2290 ubi
1352 2242 1444 2291 arua
1470 2218 1584 2291 beata
1609 2235 1737 2290 essent
1762 2217 1836 2291 sita
1863 2244 1974 2292 nemo

478 2343 736 2415 Romanorum
771 2341 902 2414 habuit
936 2342 1140 2438 cognitum.
1179 2342 1408 2415 sententiam
1446 2342 1561 2438 igitur
1595 2343 1785 2439 propriam
1812 2342 1976 2416 formant

478 2467 596 2539 uerba
630 2492 696 2538 nos
730 2477 856 2538 manet
892 2468 1079 2540 Oceanus:
1115 2467 1228 2541 maris
1264 2467 1530 2540 mediterranei
1558 2465 1667 2540 litora
1693 2467 1975 2564 praeteruolare

478 2591 656 2664 iubentur
689 2591 778 2664 socii
815 2608 856 2665 ut
890 2592 1128 2688 excipiantur
1154 2617 1293 2688 magno
1321 2591 1433 2676 mari;
1461 2590 1658 2664 columnae
1685 2591 1859 2664 Herculis
1884 2609 1974 2666 sunt

478 2715 671 2813 proximus
707 2716 851 2789 itineris
886 2716 989 2801 finis,
1025 2717 1111 2790 hinc
1147 2717 1184 2789 in
1221 2734 1330 2790 uasto
1356 2717 1511 2790 Oceano
1538 2716 1611 2790 iam
1638 2718 1879 2814 quaerendae
1904 2717 1974 2791 lor-

478 2858 695 2917 tunatorum
731 2841 885 2915 insulae.
921 2841 992 2939 ipsi
1019 2867 1111 2939 ergo
1141 2841 1396 2938 expeditionis
1433 2841 1635 2938 participes
1661 2867 1746 2914 cum
1772 2841 1975 2916 circumua-

476 2968 604 3065 gando
631 2967 863 3064 inuestigare
891 2967 1093 3040 debuerint
1120 2967 1280 3064 patriam
1307 2965 1487 3052 futuram,
1526 2965 1557 3037 si
1584 2965 1742 3063 duplicis
1768 2966 1805 3038 in
1831 2993 1974 3042 oceano

476 3092 717 3192 circumuago
742 3108 781 3164 et
808 3090 845 3164 in
870 3117 971 3164 arua
997 3091 1180 3165 alterutro
1206 3091 1328 3164 otioso
1355 3090 1436 3163 uitii
1461 3091 1591 3164 sedem
1619 3107 1659 3163 ut
1681 3115 1750 3188 par
1764 3108 1823 3164 est
1837 3091 1973 3165 finibus

478 3217 626 3314 exiguis
664 3216 902 3300 cohibemuS,
946 3215 1114 3313 genuina
1140 3216 1288 3289 Horatii
1316 3240 1470 3300 manus,
1509 3215 1540 3288 si
1568 3240 1642 3288 non
1669 3215 1795 3289 omnia
1821 3215 1972 3304 fallunt,

478 3343 605 3440 prodit
632 3342 766 3414 haece:

819 3494 883 3553 Nos
903 3503 1003 3553 manet
1024 3493 1175 3553 Oceanus:
1198 3491 1388 3569 circumuaga
1408 3493 1501 3552 turba
1523 3493 1610 3552 beata

938 3591 1076 3650 Petamus
1096 3609 1182 3664 arua,
1203 3589 1309 3650 diuites
1329 3601 1358 3650 et
1379 3589 1494 3674 insulas.

477 3753 520 3827 cs.
548 3753 710 3828 Ouidius
736 3751 847 3848 epist.
875 3751 990 3836 XIV,
1023 3775 1090 3844 114
1115 3751 1227 3824 turba
1254 3775 1446 3849 uagamur
1470 3749 1586 3845 inops.

552 4273 593 4344 ln
619 4288 831 4343 saturarum
859 4268 941 4342 libri
969 4268 1079 4365 primi
1105 4268 1269 4365 septima
1293 4267 1382 4340 inde
1407 4292 1430 4340 a
1456 4293 1490 4339 u.
1521 4291 1563 4338 22
1592 4266 1685 4339 haec
1711 4265 1917 4339 habentur:

818 4444 933 4506 Persius
952 4445 1075 4523 exponit
1094 4465 1229 4520 causam;
1250 4444 1361 4506 ridetur
1380 4446 1419 4506 ab
1439 4443 1523 4506 omni

818 4543 993 4619 Conuentu;
1014 4545 1116 4605 laudat
1136 4545 1259 4604 Brutum
1280 4545 1439 4622 laudatque
1460 4543 1630 4618 cohortem;

818 4642 918 4702 Solem
939 4641 1028 4703 Asiae
1048 4643 1173 4702 Brutum
1192 4643 1323 4719 appellat
1342 4643 1499 4719 stellasque
1518 4641 1647 4702 salubres

818 4741 959 4816 Appellat
979 4739 1118 4812 comiter,
1140 4751 1266 4817 excepto
1287 4742 1371 4818 Rege
1378 4761 1387 4815 3
1409 4739 1522 4800 Canem
1543 4739 1644 4812 illurn,

818 4837 950 4898 Inuisum
970 4836 1106 4916 agricolis
1126 4836 1219 4912 sidus,
1242 4837 1370 4899 uenisse:
1392 4839 1496 4899 ruebat

818 4937 942 4996 Flumen
964 4948 997 4995 ut
1016 4935 1189 5010 hibemum‚
1210 4937 1299 4996 lerttn
1319 4955 1379 5013 quo
1400 4955 1464 4996 rara
1483 4934 1600 4996 securis.

478 5099 515 5171 in
555 5115 646 5172 nota
684 5097 772 5169 inde
810 5097 858 5170 ab
899 5093 1068 5169 Homero
1108 5095 1271 5192 imagine
1310 5095 1473 5168 fluminis
1512 5095 1658 5169 hiberni
1697 5096 1824 5169 omnia
1862 5096 1975 5169 obuia

477 5250 605 5298 secum
641 5222 822 5320 rapientis
857 5221 1162 5295 obscurissimum
1199 5237 1258 5293 est
1290 5246 1455 5318 quonam
1483 5221 1600 5294 uerba
1616 5218 1756 5321 fertur
1780 5246 1852 5316 quo
1876 5246 1974 5293 rara

476 5349 617 5422 securis
644 5348 814 5420 tendant.
843 5347 1052 5443 Porphyrio
1079 5347 1171 5420 haec
1198 5347 1375 5443 praebet:
1413 5357 1515 5420 lanto
1539 5347 1678 5442 impetu
1703 5346 1886 5441 eloquium
1912 5371 1976 5418 ore

476 5473 705 5572 effundebat,
739 5481 882 5568 quanla
917 5472 960 5543 ui
978 5470 1130 5568 flumen
1155 5498 1205 5545 ex
1230 5472 1413 5545 montibus
1437 5471 1633 5544 altissimzs
1657 5471 1748 5545 ruit.
1788 5469 1853 5542 hoc
1877 5470 1975 5542 enim

476 5597 691 5698 sigmficat:
706 5595 847 5698 fertur
871 5622 943 5692 quo
968 5596 1119 5669 securis.
1160 5623 1249 5669 nam
1276 5597 1401 5693 ulique
1427 5621 1501 5669 non
1517 5594 1635 5697 facile
1659 5595 1742 5668 itur
1766 5595 1808 5667 in
1832 5619 1875 5666 ea
1900 5593 1976 5667 loca

477 5723 532 5796 ad
551 5721 773 5796 caedendum
799 5722 964 5821 lignum,
990 5747 1084 5817 quae
1109 5721 1188 5794 sint
1212 5721 1325 5793 nimis
1348 5721 1427 5793 alta
1451 5731 1562 5816 atque
1585 5720 1758 5816 abrupta.
1786 5743 1884 5816 quae
1910 5718 1975 5815 qui

478 5846 590 5944 legit,
616 5847 746 5921 statim
772 5846 886 5920 abicit
906 5845 1130 5944 inridetque.
1159 5846 1287 5943 itaque
1300 5845 1362 5919 alii
1377 5845 1496 5942 ripam
1512 5845 1757 5942 praecipitem
1770 5869 1973 5941 agnouere.

478 5973 545 6044 sed
559 5971 714 6044 fluuium
731 5972 767 6043 in
782 5971 887 6068 ripae
901 5969 983 6043 loca
997 5969 1208 6067 periculosa
1221 5971 1383 6067 ideoque
1397 5987 1477 6042 tum
1492 5970 1674 6066 temporis
1687 5997 1710 6044 a
1723 5968 1973 6066 lignatoribus

1796 6099 1811 6140 ⁴
