5182 7396
1309 1017 1356 1087 34

581 1217 810 1321 cinationem
846 1235 998 1290 secutus
1032 1236 1091 1292 est
1127 1219 1185 1290 uir
1219 1244 1390 1316 magnus.
1431 1235 1471 1290 tu
1508 1218 1623 1314 igitur
1656 1217 1823 1290 animum
1850 1217 2006 1290 attende
2032 1217 2080 1289 ad

582 1342 684 1414 haec.
712 1353 766 1414 lot
789 1343 955 1440 Augusti
983 1345 1128 1443 mgolr'o
1155 1345 1219 1442 qui
1247 1344 1376 1440 paucis
1402 1342 1484 1416 uult
1510 1342 1732 1440 complecti,
1761 1342 1791 1414 is
1816 1343 1960 1415 absone
1987 1342 2081 1415 duas

499 1531 501 1535 Α
581 1482 729 1540 tantum
757 1491 834 1550 res,
862 1484 973 1564 gesta
999 1467 1132 1542 bellica
1158 1486 1197 1541 et
1225 1494 1369 1541 morum
1397 1467 1724 1552 emendationem,
1753 1467 1914 1563 prosert;
1938 1467 2081 1540 absone

581 1591 653 1663 tria
688 1591 769 1663 cola
803 1592 953 1664 concisa
979 1592 1105 1689 ponit,
1138 1618 1297 1689 quorum
1325 1593 1400 1666 duo
1427 1593 1588 1665 eandem
1616 1617 1695 1665 rem
1714 1593 1739 1690 ¹)
1768 1591 1927 1664 diuersis
1955 1591 2080 1664 uerbis

581 1714 750 1789 efferant.
787 1715 873 1788 licet
905 1716 976 1789 hoc
1003 1717 1082 1790 fieri
1111 1718 1147 1789 in
1175 1716 1337 1814 largiore
1363 1717 1643 1814 disputatione,
1671 1743 1747 1791 non
1773 1716 1925 1790 licet-in
1951 1718 2081 1790 adum-

579 1839 753 1913 bratione
780 1841 1020 1927 breuissima,
1049 1843 1085 1914 in
1112 1867 1187 1938 qua
1214 1860 1417 1939 tamquam·
1435 1841 1471 1914 in
1500 1841 1663 1916 indiculo
1690 1867 1815 1914 rerum
1842 1841 1968 1937 capita
1992 1857 2081 1914 sunt

581 1966 759 2038 notanda.
787 1966 921 2062 quodsi
947 1966 1164 2062 quaerimus
1192 1965 1342 2039 tertiam
1370 1991 1470 2052 rem,
1498 1991 1596 2064 quae
1622 1967 1704 2039 sine
1731 1967 1861 2062 inepta
1881 1965 2080 2039 iteratione

580 2091 728 2162 duabus
754 2089 835 2162 aliis
861 2090 1045 2162 adiciatur
1070 2115 1222 2187 quaque
1247 2091 1396 2164 adiecta
1423 2091 1495 2164 iam
1524 2116 1614 2163 uere
1641 2107 1698 2163 tot
1726 2107 1911 2188 tantaque
1926 2093 2081 2188 negotia

580 2230 942 2298 commemorentur,
971 2239 1045 2286 non
1071 2213 1178 2287 sacile
1204 2215 1375 2288 inuenies
1401 2217 1503 2312 quod
1530 2215 1651 2312 magis
1677 2241 1700 2289 a
1725 2215 1917 2289 sententia
1944 2215 1980 2287 in
2002 2241 2080 2288 rem

580 2338 691 2411 faciat
731 2337 878 2411 Bentiei
917 2339 1143 2413 coniectura.
1184 2342 1252 2412 sed
1288 2340 1352 2436 qui
1393 2340 1503 2413 huius
1541 2341 1707 2414 rationes
1746 2365 1859 2437 quam
1899 2340 2080 2414 acerrime

580 2462 838 2536 defendendas
864 2487 1021 2548 censeo,
1050 2464 1149 2535 idem
1177 2464 1289 2537 reicio
1316 2465 1439 2561 ipsum
1467 2466 1686 2538 remedium.
1715 2490 1801 2537 nam
1830 2482 1871 2536 ut
1897 2465 1945 2538 de
1973 2491 2081 2538 uoca-

579 2584 669 2658 bulo
704 2588 845 2659 moenio
881 2603 1026 2660 taceam
1064 2587 1147 2684 (suo
1179 2587 1260 2661 iure
1293 2614 1381 2661 num
1409 2588 1558 2663 Horatii
1585 2615 1681 2663 aeuo
1708 2591 1761 2664 ita
1786 2589 1978 2686 appellata
2003 2591 2081 2663 sint

580 2709 751 2784 aedificia
777 2710 883 2784 multi
909 2711 1171 2810 dubitauere):
1198 2713 1382 2785 eiusmodi
1408 2732 1468 2786 est
1494 2732 1751 2788 commentum
1778 2714 1868 2787 illud
1892 2733 1934 2787 ut
1947 2714 2078 2788 leniori

580 2835 716 2908 cedere
742 2837 891 2909 debeat.
932 2835 1038 2933 legas
1063 2837 1191 2934 potius
1217 2821 1384 2911 mecum:

984 3017 1044 3074 Res
1065 3015 1153 3074 Italas
1172 3015 1260 3074 armis
1280 3015 1396 3078 tuteris.
1419 3015 1552 3078 molibus
1573 3036 1674 3089 ornes,

982 3112 1111 3190 Legibus
1131 3114 1278 3174 emendes.

581 3287 712 3344 notum
748 3289 807 3346 est
842 3274 951 3346 moles
984 3273 1198 3370 significare
1231 3275 1402 3371 aedificia
1438 3277 1643 3376 magm'fica
1677 3279 1825 3375 ollaque
1865 3279 1923 3375 (cs.
1959 3281 2019 3354 od.
2047 3282 2078 3353 11
2138 3253 2141 3260 Δ

586 3417 647 3490 15,
677 3421 717 3482 2;
754 3397 801 3470 111
830 3422 894 3490 29,
928 3397 998 3496 10).
1039 3424 1138 3471 nunc
1171 3415 1300 3472 autem
1336 3401 1466 3473 uideas
1501 3401 1590 3474 mihi
1627 3401 1729 3475 locos
1757 3403 1830 3477 iam
1856 3429 1879 3476 a
1906 3404 2078 3478 Bentleio

579 3519 728 3594 adlatos
765 3520 937 3595 Senecae
977 3522 1135 3620 (apocol.
1176 3549 1206 3596 c.
1251 3523 1330 3622 10),
1371 3526 1435 3598 ubi
1473 3526 1675 3624 Augustus
1713 3528 1791 3601 ideo
1829 3530 1956 3602 ciuilia
1989 3530 2079 3603 belbz

579 3645 799 3741 compescui,
828 3646 968 3744 inquit,
994 3647 1073 3720 ideo
1097 3649 1239 3747 kgt'bus
1266 3650 1393 3722 urbem
1411 3647 1605 3750 fundouz',
1639 3653 1810 3748 operibus
1834 3656 2013 3740 ormuz'?,
2040 3672 2079 3728 et

582 3770 707 3843 Pacati
737 3770 782 3868 (c.
816 3770 895 3869 11),
924 3771 987 3844 ubi
1015 3773 1137 3845 Roma
1162 3773 1252 3846 dicit
1277 3799 1361 3845 cum
1388 3801 1444 3846 me
1469 3775 1655 3849 moenibus
1677 3779 1882 3877 Augustus
1903 3791 2077 3853 ornaret:

581 3918 707 3966 nonne
733 3921 780 3966 ex
808 3894 866 3967 his
882 3895 1156 3969 imitationibus
1169 3898 1312 3994 apertis
1327 3899 1604 3973 emendationis
1619 3902 1876 3997 probabilitati
1890 3929 2078 3976 summum

579 4019 759 4091 accedere
797 4021 946 4115 pondus
971 4020 1174 4117 agnoscis?
1206 4047 1275 4094 suo
1302 4023 1461 4119 quisque
1488 4025 1636 4097 dicendi
1664 4027 1777 4099 modo
1805 4028 1861 4100 usi
1889 4029 2078 4124 poeticum

532 4195 533 4198 ,
583 4140 673 4214 illud
713 4143 867 4216 moh'bus
905 4146 1079 4217 reddunt.
1131 4145 1337 4220 Suetonius
1375 4165 1503 4221 autem
1545 4174 1633 4221 num
1674 4151 1711 4222 in
1750 4153 1829 4226 uita
1868 4153 2080 4227 Horatiana

583 4267 634 4365 (p.
668 4287 709 4360 17
737 4268 863 4367 Reiff.)
893 4270 1057 4342 morr'bus
1083 4271 1281 4356 exhibeat,
1310 4297 1491 4369 perquam
1518 4291 1577 4346 est
1603 4274 1769 4348 dubium.
1809 4276 1952 4350 habent
1978 4279 2078 4350 enim

581 4392 683 4465 uitae
722 4391 818 4465 illius
856 4393 945 4466 boni
984 4395 1131 4468 codices
1171 4395 1294 4468 tutelis
1333 4397 1517 4482 moribus,
1561 4402 1664 4495 quod
1703 4398 1913 4475 litterarum
1947 4404 1966 4476 l
1991 4419 2030 4475 et
2056 4431 2079 4475 r

581 4516 783 4590 metathesi
809 4543 855 4590 ex
883 4521 1017 4592 tuleris
1042 4520 1196 4592 molibus
1222 4535 1346 4592 ortum
1373 4545 1457 4594 esse
1483 4541 1654 4620 apparet.

581 4725 626 4733 -η

645 4827 667 4904 ¹)
687 4828 759 4888 nihil
780 4829 859 4889 enim
880 4851 898 4890 a
918 4850 1002 4890 sensu
1024 4831 1161 4891 differunt
1182 4835 1316 4894 moribus
1336 4855 1425 4894 ornes
1446 4835 1490 4913 (ut
1506 4838 1661 4914 quomodo
1673 4840 1761 4917 nulgo
1772 4840 1876 4899 uolunt
1887 4840 2079 4920 accipiamus)

579 4935 609 4985 et
631 4927 747 5000 legibus
767 4929 916 5000 emendes,
942 4929 1053 5006 quippe
1074 4949 1149 5006 quae
1169 4932 1207 4990 ad
1229 4951 1319 4992 unam
1341 4952 1456 4992 morum
1479 4935 1685 4995 Romanorum
1707 4937 1945 4999 emendationem
1968 4939 2080 5016 legibus

579 5024 619 5084 ab
646 5026 780 5102 Augusto
808 5025 873 5085 latis
900 5026 1084 5086 efficiendam
1113 5041 1262 5104 spectent;
1294 5049 1390 5108 neque
1418 5031 1581 5109 quidquam
1610 5035 1709 5094 ualent
1735 5033 1904 5096 discrimina
1924 5036 2080 5098 artificiose
2181 5023 2182 5026 Ἴ

579 5123 657 5181 iacta
678 5123 726 5201 (ct.
751 5121 902 5182 Riedelius
922 5125 1126 5184 commentarii
1147 5147 1176 5202 p.
1199 5147 1236 5203 43
1259 5127 1324 5208 sq).
