5182 7396
1233 1018 1277 1089 19

503 1246 588 1295 esse
621 1236 661 1294 et
694 1218 878 1293 similibus
914 1218 1047 1318 (ueluti
1072 1213 1134 1293 od.
1162 1219 1209 1292 Ill
1242 1242 1303 1303 11,
1332 1238 1473 1312 29—52
1503 1218 1830 1314 Hypermnestrae
1856 1215 1996 1315 fabula)

503 1346 596 1420 satis
634 1344 787 1419 delendi
825 1342 933 1417 multi
972 1343 1217 1417 adnotauere.
1269 1343 1372 1440 quod
1404 1343 1454 1416 ad
1488 1341 1655 1438 singula,
1696 1340 1998 1438 Peerlkampius,

505 1495 735 1570 quamquam
781 1469 897 1542 etiam
943 1493 990 1542 ea
1035 1468 1268 1566 uituperauit
1312 1468 1370 1565 (ut
1404 1484 1486 1542 erat
1521 1466 1579 1539 uir
1616 1467 1793 1564 egregius
1831 1467 1879 1540 ad
1919 1491 2001 1562 per-

504 1595 699 1693 cipiendos
749 1619 884 1667 sensus
936 1594 1105 1690 poeticos
1151 1594 1341 1667 interdum
1390 1593 1578 1689 hebetior)
1627 1616 1725 1688 quae
1776 1591 1911 1665 iniuria
1962 1590 2000 1664 in

506 1719 841 1816 reprehensionem
875 1719 1092 1805 incurrunt,
1140 1735 1267 1792 tamen
1303 1719 1340 1791 in
1376 1717 1595 1791 uniuersum
1629 1733 1731 1790 recte
1765 1717 1818 1791 ita
1851 1730 1999 1790 censet:

395 1877 400 1884 ·
504 1844 758 1919 inuem'unlur
790 1843 832 1916 in
865 1843 938 1916 zita
975 1843 1107 1935 fabula
1136 1843 1297 1940 pulchri
1331 1867 1486 1929 uersus,
1524 1841 1723 1915 sedetiam
1748 1841 1838 1914 taks
1875 1840 2001 1937 quaks

504 1971 670 2067 equidem
704 1969 877 2042 Romano
906 1977 1018 2064 poeta
1055 1994 1129 2042 non
1164 1968 1299 2067 dagnos
1332 1967 1461 2040 iudico.
1498 1967 1635 2040 iudicio
1660 1984 1772 2042 acuto
1797 1963 2002 2061 subtilique

507 2093 643 2168 uellem
682 2093 740 2166 uir
778 2094 912 2166 doctus
950 2093 1004 2167 ita
1041 2092 1241 2166 institisset
1280 2109 1322 2166 ut
1361 2092 1454 2165 uitia
1487 2107 1603 2188 poeta
1639 2092 1812 2164 Romano
1846 2090 2001 2163 omnino

507 2219 664 2317 indigna
688 2217 774 2291 forti
802 2242 916 2290 manu
943 2233 1141 2290 resecaret.
1170 2241 1257 2289 nam
1285 2217 1338 2288 ita
1362 2241 1454 2289 sane
1479 2217 1670 2312 agendum
1697 2231 1756 2288 est
1782 2215 1819 2287 in
1834 2214 1904 2288 hoc
1925 2239 2001 2287 car-

507 2345 627 2429 mine,
667 2368 742 2441 quo
777 2367 853 2415 non
887 2340 1050 2415 alterum
1086 2341 1338 2414 Horatianum
1374 2339 1500 2437 plures
1535 2365 1604 2437 pro
1640 2365 1817 2413 uersuum
1843 2363 2001 2412 numero

506 2468 750 2544 difficultates
783 2467 905 2540 adhuc
941 2467 1109 2564 praebet.
1149 2466 1216 2540 sed
1251 2482 1371 2539 totam
1402 2464 1502 2538 illam
1528 2464 1811 2562 degressionem
1839 2480 2002 2560 pertrac-

507 2611 655 2670 taturus
694 2618 815 2689 pauca
851 2593 901 2664 de
936 2590 1086 2664 fabulae
1121 2607 1162 2664 ut
1197 2591 1250 2664 ita
1284 2590 1405 2663 dicam
1440 2615 1554 2662 scena
1587 2589 1868 2686 praemittenda
1892 2589 2000 2662 duc0.

506 2747 620 2820 quam
648 2717 925 2816 refragantibus
951 2716 1039 2789 licet
1065 2715 1328 2824 Peerlkampio
1354 2713 1512 2812 aliisque
1538 2714 1745 2788 rectissime
1772 2713 2001 2810 interpretes

506 2844 756 2928 inlustrarunt
783 2843 841 2942 (cf.
870 2868 928 2915 ex.
955 2867 1011 2939 gr.
1039 2839 1231 2938 Orellius).
1274 2856 1401 2937 potest
1427 2840 1580 2937 quidem
1607 2840 1644 2913 in
1671 2864 1717 2914 ea
1741 2839 2003 2912 adumbranda

507 2986 623 3069 poeta
661 2969 760 3042 iusto
797 2967 951 3041 breuior
988 2966 1107 3039 uideri
1147 2965 1274 3050 nobis;
1314 2990 1384 3039 nec
1423 2981 1551 3038 tamen
1589 2963 1888 3038 obliuiscendum
1922 2978 2000 3049 est,

506 3094 673 3192 antiquis
699 3092 901 3167 lectoribus
928 3089 1077 3164 fabulae
1102 3107 1328 3186 apparatum
1355 3089 1462 3186 quasi
1488 3105 1688 3162 externum
1719 3088 1837 3185 (tacto
1863 3087 2002 3161 Cretae

507 3220 617 3294 litore
644 3236 792 3293 taurum
818 3217 945 3290 subito
971 3241 1047 3288 non
1068 3214 1311 3312 apparuisse,
1339 3214 1525 3311 uirginem
1539 3213 1795 3310 desperationi
1808 3229 2003 3287 extremae

484 3341 488 3349 ’
508 3346 686 3420 traditam
713 3345 837 3440 deque
863 3358 986 3415 morte
1012 3341 1197 3413 sumenda
1222 3339 1454 3436 cogitantem
1468 3337 1622 3411 tandem
1646 3338 1836 3411 aVenere
1849 3336 2002 3412 mulceri
2123 3331 2127 3340 ’

508 3468 803 3568 praepararique
841 3466 919 3540 Ioui
947 3480 1093 3539 mutata
1118 3463 1238 3538 forma
1264 3464 1414 3537 iamiam
1440 3463 1623 3561 redituro)
1651 3488 1699 3536 ex
1725 3460 1928 3535 multorum
1953 3505 2004 3516 —

507 3596 623 3671 etiam
650 3595 855 3692 pictorum:
882 3591 926 3665 cf.
956 3589 1335 3687 UngerusEmendd.
1364 3588 1498 3661 Horat.
1514 3593 1607 3684 p.61
1625 3585 2003 3683 —descriptionibus

507 3721 622 3795 fuisse
648 3718 905 3802 notissimum,
932 3716 1000 3790 sed
1026 3713 1233 3787 delectatos
1258 3739 1344 3787 esse
1369 3714 1523 3787 eosdem
1543 3737 1643 3786 noua
1655 3711 1805 3809 singula
1818 3712 2004 3786 tractandi

507 3862 600 3919 arte.
628 3871 703 3942 qua
728 3841 879 3917 excellit
905 3839 1108 3924 Horatius,
1135 3865 1220 3911 curn
1235 3836 1382 3935 puellae
1396 3839 1451 3911 ira
1468 3863 1513 3911 ac
1526 3837 1657 3911 dolore
1670 3863 1835 3911 uesanae
1847 3837 2005 3912 affectus

508 3968 706 4066 splendide
732 3967 930 4053 describit,
957 3990 1085 4040 amara
1107 3963 1211 4037 lento
1227 3964 1303 4037 risu
1317 3981 1545 4060 temperans,
1573 3964 1622 4036 ab
1636 3963 1694 4036 his
1706 3979 1834 4036 autem
1849 3962 2005 4036 uocibus

509 4121 593 4168 earn
620 4094 818 4169 lamentari
844 4092 932 4166 facit
958 4090 1201 4187 incipientem
1229 4088 1306 4185 (uu.
1336 4089 1515 4185 37—44):

935 4261 1026 4322 Unde
1046 4278 1107 4336 quo
1127 4257 1197 4319 ueni
1217 4256 1313 4319 leuis?
1333 4277 1392 4317 una
1412 4276 1492 4319 mors
1511 4267 1555 4318 est

935 4357 1091 4437 Virginum
1112 4359 1232 4434 culpae!
1256 4354 1419 4434 uigilansne
1439 4356 1524 4433 ploro

936 4458 1040 4534 Turpe
1059 4454 1250 4517 commissum
1270 4473 1310 4514 an
1330 4448 1410 4514 uitiis
1429 4464 1578 4514 carentem

1117 4552 1207 4613 Ludit
1227 4551 1326 4632 imago

935 4653 1036 4727 Vana,
1058 4671 1134 4730 quae
1154 4659 1240 4728 porta
1260 4649 1372 4728 fugiens
1391 4650 1504 4710 eburna

936 4749 1092 4813 Somnium
1113 4749 1217 4810 ducit?
1237 4747 1381 4810 meliusne
1400 4748 1507 4808 fluctus

936 4851 983 4910 Ire
1002 4867 1056 4927 per
1075 4849 1180 4926 longos
1199 4846 1269 4922 fuit,
1289 4865 1329 4906 an
1349 4855 1480 4906 recentes
1603 4837 1609 4850 ’

1117 4946 1244 5024 Carpere
1264 4946 1370 5006 flores?

509 5100 654 5176 correxi
682 5128 716 5172 u.
746 5117 790 5192 37
818 5098 1184 5195 interpunctionem:
1212 5095 1327 5194 uulgo
1351 5095 1444 5168 leuis
1470 5120 1548 5168 una
1573 5118 1676 5166 mors
1699 5103 1755 5165 cst
1771 5092 2007 5188 coniungunt

510 5227 634 5300 minus
669 5225 788 5310 bene,
823 5248 908 5295 cum
943 5239 1010 5296 aut
1042 5222 1135 5295 leurs
1162 5231 1285 5318 poena
1310 5237 1377 5294 aut
1403 5219 1595 5292 nonsatis
1621 5243 1697 5291 una
1721 5243 1823 5290 mors
1848 5217 2008 5291 dicenda

510 5350 623 5424 suerit
648 5349 810 5445 c'umque
838 5347 875 5420 id
900 5346 1021 5420 solum
1049 5346 1140 5420 uelit
1165 5347 1339 5442 Europa,
1367 5342 1457 5417 nihil
1485 5343 1554 5415 nisi
1581 5359 1743 5416 mortem
1766 5341 1837 5414 sibi
1852 5358 2007 5416 restare.

511 5500 590 5548 rem
629 5490 758 5548 autem
797 5489 1007 5570 exaggerat
1045 5471 1179 5545 eadem
1218 5471 1266 5543 de
1303 5470 1431 5566 culpm
1471 5468 1542 5541 hoc
1566 5484 1644 5553 est,
1684 5467 1830 5564 patriae
1855 5466 2008 5540 relictae

510 5598 649 5674 delicto
682 5597 842 5696 loquens
878 5598 987 5697 (caue
1012 5597 1114 5670 enim
1140 5622 1188 5670 ne
1213 5597 1262 5669 de
1287 5594 1390 5669 laeso
1415 5592 1562 5690 pudore
1586 5591 1776 5690 accipias).
1815 5592 1868 5665 sic
1893 5591 2008 5665 etiam

511 5722 711 5821 intellegas
749 5749 834 5796 cum
873 5732 984 5819 turpe
1020 5722 1254 5796 commissum
1294 5735 1375 5792 tum
1414 5715 1505 5791 illud
1542 5717 1647 5790 uitiis
1680 5727 1884 5791 carentem:
1920 5741 2008 5789 nam

513 5847 647 5945 plurali
674 5872 832 5921 numero
860 5847 989 5944 (quem
1016 5871 1134 5943 praue
1160 5845 1198 5918 in
1223 5841 1453 5940 singularem
1480 5842 1680 5915 mutabant
1706 5839 1890 5939 nonnulli)
1910 5841 2009 5914 bene

512 5974 722 6046 adnotante
755 5972 929 6046 Gesnero
965 5968 1090 6068 puella
1124 5985 1257 6068 aperte
1293 5968 1420 6042 omnia
1454 5967 1591 6064 quibus
1617 5990 1799 6063 praeceps
1823 5966 2011 6063 agebatur
