5182 7396
1250 996 1295 1066 29

526 1195 652 1269 referri
683 1197 732 1269 ad
758 1212 903 1269 certum
930 1197 1121 1292 quendam
1147 1213 1351 1270 auctorem.
1392 1195 1527 1293 quodsi
1555 1222 1603 1270 ne
1629 1197 1804 1271 carminis
1828 1215 2022 1272 auctorem

524 1319 675 1393 conlato
699 1321 792 1393 artis
820 1321 991 1417 poeticae
1019 1349 1052 1393 u.
1080 1342 1125 1414 45
1154 1321 1372 1416 scriptorem
1401 1319 1665 1417 intellegamus
1686 1337 1838 1395 saturae
1851 1323 2023 1396 scenicae

525 1462 661 1518 natura
687 1445 882 1543 prohibet,
911 1445 1057 1518 unicam
1085 1471 1131 1518 ex
1158 1446 1216 1520 his
1243 1445 1362 1518 turbis
1390 1470 1459 1517 nos
1484 1444 1711 1541 expediendi
1738 1471 1846 1542 spem
1873 1446 1910 1518 in
1937 1472 2022 1520 con-

447 1623 451 1632 .
525 1570 667 1643 iectura
694 1569 856 1667 positam
883 1595 967 1642 esse
994 1587 1098 1666 puto,
1138 1573 1300 1645 emendo
1327 1571 1460 1667 igitur:

1301 1775 1387 1836 suerit
1406 1774 1535 1835 limatior
1556 1773 1635 1836 idem

886 1871 984 1946 Quam
1006 1871 1086 1932 rudis
1106 1882 1135 1932 et
1156 1871 1276 1932 Graecis
1297 1871 1398 1932 intacti
1419 1871 1555 1932 carminis
1574 1884 1660 1934 actor

886 1970 1045 2046 Quamque
1065 1983 1217 2047 poetarum
1240 1969 1387 2032 seniomm
1409 1971 1504 2031 turba.

524 2158 572 2232 ad
607 2157 835 2231 locutionem
871 2158 914 2231 cf.
952 2157 1081 2230 Liuius
1108 2157 1177 2230 Vll
1206 2183 1248 2242 2,
1276 2159 1298 2230 8
1332 2183 1489 2230 suorum
1514 2160 1727 2232 carminum
1752 2170 1865 2233 actor.
1905 2177 2021 2259 atque

525 2283 622 2357 hanc
655 2283 907 2381 suspicionem
946 2281 1034 2355 olim
1069 2300 1292 2380 conceptam
1328 2308 1427 2354 nunc
1462 2261 1721 2357 confirmatam
1757 2284 1868 2357 uideo
1893 2285 2022 2359 codice

526 2407 794 2506 Porphyrionis
821 2406 1063 2492 Monacensi,
1090 2406 1154 2503 qui
1182 2407 1219 2478 in
1246 2406 1424 2481 lemmate
1451 2408 1574 2505 ipsum
1602 2407 1691 2481 illud
1716 2409 1898 2483 carmim's
1918 2421 2022 2484 actor

524 2533 689 2606 exhibet.
730 2531 935 2605 dolendum
975 2546 1033 2604 est
1072 2531 1245 2628 quidem,
1284 2533 1387 2629 quod
1426 2532 1517 2630 quid
1557 2533 1765 2629 Porphyrio
1803 2533 1939 2631 legerit
1973 2560 2021 2608 ex

523 2659 865 2755 interpretamento
905 2681 981 2729 non
1018 2672 1198 2752 apparet,
1243 2672 1284 2727 ut
1323 2657 1443 2753 possit
1480 2658 1636 2730 subesse
1675 2685 1800 2732 merus
1838 2659 1919 2732 eius
1957 2659 2022 2756 qui

524 2783 691 2886 codicem
729 2781 880 2878 scripsit
918 2805 1040 2866 error;
1079 2781 1147 2852 sed
1187 2805 1264 2865 reS,
1303 2782 1334 2852 si
1374 2806 1450 2879 qua
1487 2782 1581 2867 alia,
1620 2783 1867 2857 adnotatione
1905 2784 2022 2881 digna

523 2907 674 2980 silentio
701 2907 821 3004 premi
847 2906 1002 2979 omnino
1029 2930 1104 2978 non
1130 2905 1272 2978 debuit.

598 3454 639 3525 ln
674 3453 757 3527 libri
794 3455 824 3527 ll
860 3471 988 3527 satura
1022 3453 1155 3550 quinta
1188 3451 1356 3524 Tiresias
1393 3450 1495 3524 Ulixi
1527 3465 1613 3546 post
1638 3451 1713 3525 alia
1737 3451 1787 3524 ad
1812 3453 2020 3549 captandas

524 3577 756 3652 hereditates
781 3578 996 3674 spectantia
1022 3577 1110 3649 inde
1134 3601 1158 3650 a
1184 3604 1218 3648 u.
1246 3599 1295 3668 90
1321 3577 1413 3649 haec
1439 3575 1642 3673 praecipit:

905 3783 1062 3844 Difficilem
1083 3795 1113 3845 et
1133 3803 1282 3845 morosum
1304 3783 1433 3844 offendet
1453 3783 1584 3860 garrulus
1590 3803 1599 3856 3
1621 3782 1696 3840 ultra

905 3882 975 3941 Non
995 3882 1083 3943 etiam
1104 3881 1189 3942 sileas
1196 3905 1204 3956 ;
1226 3884 1327 3942 Dauus
1347 3879 1385 3941 sis
1405 3879 1538 3942 comicus
1557 3891 1646 3957 atque

903 3982 967 4042 Stes
987 3981 1084 4058 capite
1104 3981 1223 4059 obstipo
1244 3981 1369 4040 multum
1390 3977 1493 4039 similis
1513 3977 1663 4038 metuenti.

523 4169 715 4243 euicturus
749 4169 951 4241 uerborum
977 4169 1082 4240 ultra
1112 4167 1179 4263 (sic
1205 4167 1305 4240 enim
1332 4167 1466 4264 optimi
1493 4166 1721 4264 plurimique
1746 4165 1909 4265 codices)
1937 4168 2019 4242 siue

523 4296 624 4368 ultro
661 4320 735 4367 non
771 4293 884 4365 eliam
921 4293 1031 4364 sz'kas
1069 4293 1351 4390 corruptionem
1389 4292 1500 4364 uideo
1535 4290 1715 4389 longioris
1749 4292 2018 4390 disputationis

521 4419 683 4518 gratiam
711 4417 801 4490 mihi
827 4416 959 4490 secisse
986 4417 1034 4490 H.
1064 4416 1331 4490 Bluemnerum
1359 4443 1452 4490 mus.
1469 4417 1590 4490 Rhen.
1607 4416 1784 4490 XXXIV
1804 4443 1839 4514 p.
1860 4438 1924 4512 175
1939 4444 2017 4516 sq.,

522 4544 586 4642 qui
613 4569 659 4617 ea
683 4567 801 4641 opera
826 4558 885 4615 sat
912 4558 1099 4624 recteest
1124 4541 1283 4615 functus.
1313 4541 1491 4639 idemque
1517 4541 1675 4614 Lehrsio
1701 4540 1801 4614 uiam
1822 4567 2019 4639 praemon-

521 4685 668 4742 strante
702 4668 801 4741 bene
833 4667 1063 4741 sententiam
1099 4685 1237 4763 poetae
1273 4666 1499 4764 reciperauit
1532 4665 1752 4739 coniciendo
1777 4666 1882 4741 ultra
1907 4668 2001 4742 nolit
2009 4694 2017 4741 :

520 4794 598 4866 iam
629 4794 749 4866 sileas.
777 4793 882 4865 cuius
909 4791 1160 4889 praecessoris
1187 4791 1340 4888 ignarus
1367 4791 1469 4888 quod
1496 4790 1577 4888 ipse
1605 4807 1881 4888 temptaueram
1906 4792 2018 4866 simil-

521 4917 628 5003 lime,
669 4918 705 4989 id
740 4943 840 4991 nunc
876 4941 1029 5015 quoque
1065 4933 1105 4990 et
1138 4915 1259 4989 lenius
1294 4915 1384 4988 mihi
1420 4915 1571 4988 uidetur
1596 4931 1635 4988 et
1661 4914 1774 5013 paulo
1800 4917 2018 4991 concinnius

522 5043 673 5117 dictum.
714 5043 927 5140 suspicatus
952 5058 1081 5115 autem
1107 5067 1230 5114 eram:

1064 5222 1139 5280 ultra
1159 5223 1258 5281 nolet:
1281 5218 1339 5279 iam
1361 5219 1460 5295 sileas,

521 5402 591 5474 hoc
617 5417 695 5473 est:
723 5400 754 5472 si
780 5400 921 5473 diutius
948 5416 987 5472 te
1012 5398 1206 5497 garrulum
1232 5423 1316 5472 esse
1343 5423 1418 5471 non
1444 5397 1592 5495 cupiet,
1619 5398 1747 5471 statim
1765 5399 2014 5473 obmutescas.

518 5527 570 5600 de
596 5525 775 5623 loquendi
800 5550 943 5622 genere
969 5541 1061 5598 noto
1087 5523 1129 5596 cs.
1157 5549 1215 5596 ex.
1242 5549 1298 5620 gr.
1326 5540 1395 5597 sat.
1424 5524 1455 5596 ll
1486 5543 1525 5616 7,
1554 5545 1707 5617 32-35.

1162 5839 1374 5848 ψ
