5182 7396
1342 999 1366 1068 4

607 1223 760 1272 sensum
785 1197 965 1285 alterum,
993 1199 1064 1272 etsi
1091 1199 1235 1295 priores
1261 1197 1441 1296 philologi
1467 1197 1549 1271 sine
1574 1197 1784 1271 ofsensione
1805 1197 1999 1295 legerunt,
2017 1224 2101 1296 gra-

607 1323 782 1396 uissimae
808 1339 936 1396 tamen
974 1323 1202 1396 dubitationi
1228 1323 1433 1397 obnoxium
1461 1339 1564 1419 puto.
1605 1348 1651 1396 ea
1684 1339 1812 1396 autem
1847 1348 1946 1421 quae
1982 1349 2016 1396 u.
2058 1344 2098 1418 15

605 1463 739 1520 extant
771 1448 970 1520 luctantem
1000 1447 1141 1520 [carin
1155 1445 1338 1543 fluctibus
1362 1444 1547 1546 Africum
1573 1457 1758 1520 mercator
1784 1458 1947 1520 metucns
1973 1447 2101 1522 multis

604 1571 785 1644 orationis
820 1571 982 1646 flosculis
1008 1571 1065 1644 usi
1092 1571 1321 1669 interpretes
1347 1587 1544 1668 exponunt
1570 1570 1704 1644 eodem
1732 1571 1845 1645 modo
1870 1586 1988 1669 atque
2014 1573 2101 1645 Por-

604 1696 759 1793 phyri0‚
795 1697 861 1794 qui
894 1697 1042 1770 concise
1076 1695 1150 1769 ait:
1189 1721 1318 1769 sensus
1342 1706 1399 1768 cst
1407 1725 1419 1768 .·
1444 1705 1646 1780 mcrcatcr,
1677 1721 1760 1768 cum
1787 1706 2033 1793 tempestatem
2057 1697 2100 1771 in

603 1821 708 1894 mari
723 1823 896 1916 patitur,
922 1821 1102 1894 abhorret
1124 1821 1312 1920 nauigare
1335 1821 1574 1916 ctoptctiam
1587 1821 1769 1894 rusticam
1783 1821 1902 1894 uitam
1915 1822 1957 1894 in
1961 1823 2097 1918 patria

602 1969 673 2018 sua
706 1946 844 2028 cclcrc,·
878 1971 968 2019 mcx
1001 1945 1065 2018 ubi
1087 1946 1251 2018 cuascrit
1266 1945 1500 2041 periculum,
1524 1945 1677 2018 candem
1703 1946 1823 2019 uitam
1848 1947 1982 2042 repetit
1992 1975 2006 2030 ,·
2023 1956 2099 2042 pcr

601 2070 703 2166 quod
732 2069 890 2169 colligit,
925 2071 1107 2144 neminem
1125 2080 1235 2166 posse
1259 2069 1369 2142 aliud
1389 2095 1502 2169 agere
1526 2096 1639 2166 quam
1665 2071 1768 2166 quod
1786 2071 1982 2144 consuerit.
2023 2096 2099 2168 qua

603 2193 855 2290 explicatione
879 2211 1037 2293 accepta
1061 2195 1188 2268 omnia
1209 2195 1365 2292 egregie
1383 2193 1588 2291 procedere
1602 2196 1687 2292 quis
1701 2194 1927 2292 negauerit?
1953 2195 2098 2293 quippe

601 2335 732 2391 amant
766 2318 843 2392 fere
877 2335 1015 2417 poetae
1042 2335 1212 2404 ueteres,
1238 2319 1329 2392 dum
1355 2318 1612 2392 saeuientibus
1638 2319 1777 2391 circum
1803 2321 2096 2417 tempestatibus

602 2441 662 2515 uel
690 2443 772 2540 ipse
798 2443 859 2517 ille
883 2445 1008 2517 audax
1034 2459 1152 2516 nauta
1177 2442 1344 2541 trepidat
1370 2459 1474 2515 metu
1501 2442 1714 2540 perculsus,
1741 2443 1933 2517 hominem
1959 2444 2096 2518 misere

601 2567 781 2640 iactatum
825 2567 971 2665 fingere
1013 2567 1126 2641 sortis
1167 2591 1259 2640 suae
1296 2583 1513 2664 pertaesum
1551 2567 1795 2665 securiusque
1834 2567 1936 2642 uitae
1973 2594 2096 2665 genus

601 2692 892 2765 desiderantem.
932 2717 955 2766 a
992 2719 1069 2791 qua
1105 2693 1337 2790 cogitatione
1374 2692 1522 2764 initium
1559 2693 1721 2790 sumpsit
1759 2692 1942 2766 Horatius
1976 2693 2015 2765 in
2049 2719 2096 2767 eo

600 2818 786 2903 carmine,
814 2819 916 2915 quod
943 2817 1073 2891 itidem
1098 2818 1148 2891 ad
1173 2818 1438 2891 Maecenatem
1464 2817 1619 2890 missum
1644 2818 1881 2890 sermonibus
1898 2818 1977 2891 suis
1990 2844 2095 2915 prae·

601 2941 683 3014 fixit
723 2941 807 3040 (sat.
844 2942 858 3014 l
890 2966 928 3027 1,
957 2966 977 3036 3
1003 2941 1116 3040 sqq.).
1164 2956 1204 3014 et
1236 2941 1290 3014 sic
1322 2941 1425 3038 apud
1459 2941 1709 3014 Dracontium
1742 2957 1784 3014 ut
1810 2941 1847 3014 in
1873 2940 1955 3016 aliis
1982 2944 2095 3016 rebus

600 3066 654 3139 ita
691 3066 729 3138 in
768 3067 838 3139 hac
876 3065 958 3139 sine
995 3067 1110 3140 dubio
1144 3065 1377 3163 antiquiores
1412 3065 1599 3138 imitatum
1637 3066 1739 3140 Paris
1774 3065 1813 3140 in
1848 3067 1974 3140 medio
2000 3067 2093 3142 mari

599 3190 860 3288 deprehensus
889 3216 1114 3288 summoque
1141 3191 1242 3264 uitae
1269 3190 1307 3263 in
1333 3188 1499 3288 periculo
1526 3206 1699 3263 uersatus
1725 3190 1764 3263 in
1790 3191 1904 3265 hasce
1928 3192 2094 3290 erumpit

600 3339 713 3388 uoces
741 3315 888 3413 (raptus
914 3315 1087 3389 Helenae
1111 3338 1181 3408 402
1209 3340 1313 3413 sqq,
1340 3339 1436 3412 quos
1456 3340 1588 3390 uersus
1600 3315 1812 3389 adscribam
1825 3315 2092 3416 emaculatos):

1312 3491 1388 3553 felici
1408 3503 1486 3554 sorte
1505 3492 1596 3554 creati

918 3591 1067 3666 Pastore,
1089 3609 1164 3668 quos
1183 3601 1260 3652 terra
1278 3589 1376 3669 capit,
1396 3610 1472 3668 quos
1492 3592 1574 3651 nulln
1593 3593 1724 3669 procella

918 3687 1072 3749 Concutitl
1093 3690 1165 3749 haut
1184 3687 1266 3750 uenti
1286 3699 1421 3750 metuunt
1441 3708 1528 3766 super
1547 3709 1676 3768 aequora
1695 3691 1780 3751 flans

917 3787 957 3846 Et
976 3785 1112 3847 rabidum
1133 3787 1253 3865 pelagus
1273 3797 1409 3846 temnunt
1429 3785 1602 3848 latrantibus
1622 3786 1724 3862 undis,

917 3885 977 3946 Sed
996 3886 1075 3946 celso
1096 3886 1133 3945 de
1154 3895 1255 3946 monte
1276 3883 1395 3959 uident,
1416 3895 1449 3945 ut
1469 3883 1500 3944 in
1521 3905 1589 3946 arce
1607 3887 1757 3961 sedentes,

915 3984 1029 4043 Pascua
1049 4003 1115 4043 rura
1135 4002 1238 4044 nemus
1259 3983 1353 4044 tontes
1372 3994 1435 4043 sata
1454 3982 1577 4042 flumina
1597 3992 1696 4060 prata,

916 4081 975 4142 Per
993 4099 1116 4158 campos
1135 4080 1240 4159 gestire
1260 4099 1366 4158 pecus,
1387 4080 1516 4158 pendere
1537 4082 1665 4158 capellas

915 4178 1077 4255 Praerupta
1095 4178 1133 4239 de
1153 4197 1226 4256 rupe
1245 4181 1349 4256 procul
1369 4179 1490 4240 dumeta
1509 4187 1671 4258 sequentes

917 4275 961 4336 Ut
980 4273 1089 4338 uirides
1108 4276 1234 4337 tondent
1254 4275 1370 4336 lasciuis
1390 4275 1528 4337 dentibus
1547 4277 1667 4338 herbas!
1689 4295 1750 4353 eqs.

596 4436 768 4509 uidemus
806 4460 853 4507 ex
891 4435 961 4508 hac
998 4435 1187 4533 agricolae
1221 4437 1293 4509 tuti
1328 4437 1632 4533 praedicatione,
1667 4461 1782 4534 quam
1816 4452 1933 4510 nauta
1959 4438 2090 4512 mortis

595 4560 730 4634 timore
756 4560 972 4657 exagitatus
998 4561 1180 4648 instituit,
1208 4560 1375 4659 pulcram
1401 4561 1489 4633 oriri
1516 4560 1730 4658 imaginem.
1772 4561 1935 4634 eundem
1960 4579 2089 4636 autem

594 4702 862 4772 mercatorem,
900 4685 964 4758 ubi
1004 4686 1067 4758 uix
1106 4702 1245 4759 terram
1285 4685 1412 4782 tetigit
1450 4684 1577 4758 saluus
1616 4685 1862 4783 integerque,
1914 4703 2089 4761 uotorum

592 4982 786 5058 fragmentum
817 4979 898 5057 apud
929 4977 1094 5039 Chan'sium
1121 4999 1151 5056 p.
1183 4999 1256 5054 100,
1285 4999 1322 5056 23
1350 4981 1391 5040 K.
1419 4991 1566 5041 seruatum
1603 4983 1726 5042 Venm's
1752 4983 1893 5042 antistita
1920 4982 2035 5059 Cupra.
2057 4979 2088 5041 in

591 5075 760 5138 huiusmodi
785 5087 885 5138 autem
913 5078 1000 5138 rebus
1026 5075 1262 5155 Porphyrionem
1287 5087 1403 5139 constat
1423 5077 1535 5139 maiore
1555 5079 1614 5139 fide
1634 5077 1757 5156 dignum
1777 5097 1949 5156 essequam
1969 5077 2088 5140 codices

591 5186 721 5251 nostros,
749 5174 773 5236 si
800 5195 869 5235 cum
898 5174 949 5237 illo
976 5183 1201 5253 comparantur,
1228 5174 1372 5236 nouicios.
1400 5211 1441 5220 —
1468 5196 1496 5235 u.
1528 5195 1565 5250 14
1592 5176 1812 5256 Peerlkampius
1839 5176 1870 5237 in
1897 5177 2008 5255 pauido
2036 5177 2087 5239 illo

590 5283 681 5334 nauta
707 5275 834 5334 offensus
861 5275 1029 5351 inpavidus
1054 5272 1171 5350 putauit
1198 5271 1325 5333 Horatio
1349 5293 1410 5334 esse
1437 5274 1638 5347 reddendum,
1665 5286 1696 5334 et
1721 5284 1816 5336 metro
1843 5276 2017 5336 aduersante
2037 5275 2086 5355 (ct.

589 5373 798 5432 Lachmannus
817 5373 857 5433 ad
877 5373 965 5432 Lucr.
986 5391 1016 5448 p.
1040 5387 1097 5449 159
1117 5371 1173 5452 sq.)
1194 5381 1224 5431 et
1244 5373 1377 5449 neglecte
1397 5369 1517 5449 propria
1537 5370 1654 5451 linguae
1674 5371 1782 5433 latinae
1792 5371 1936 5435 breuitate
1946 5375 2086 5452 quadam.

589 5488 658 5528 nam
687 5469 727 5530 ita
756 5468 894 5547 equidem
915 5467 1104 5546 interpretor:
1127 5487 1290 5546 numquam
1310 5488 1378 5529 eum
1398 5470 1438 5530 ab
1458 5468 1534 5548 agris
1554 5467 1612 5530 suis
1631 5470 1762 5531 abducas
1782 5479 1815 5529 ut
1835 5479 1925 5530 nauta
1945 5471 2011 5546 fiat3
2032 5469 2085 5548 qui

588 5565 612 5626 si
639 5568 736 5644 fieret,
763 5577 843 5629 uerte
863 5565 988 5644 pauidus
1008 5575 1098 5626 nauta
1117 5568 1229 5627 tuturus
1249 5577 1331 5628 essct.
1352 5567 1440 5644 plane
1460 5577 1494 5627 ut
1513 5569 1594 5645 apud
1615 5567 1770 5629 Tibullum
1792 5569 1808 5626 I
1832 5587 1864 5643 1,
1885 5567 2085 5647 491egimus:

586 5667 630 5726 sit
648 5666 734 5726 diues
754 5667 839 5740 iure,
854 5665 1002 5745 furorem
1023 5667 1079 5742 qui
1098 5666 1196 5724 maris
1215 5671 1245 5724 ct
1262 5666 1366 5724 tristes
1379 5665 1477 5743 serre
1489 5672 1590 5743 potest
1601 5669 1750 5743 pluuias,
1771 5667 1830 5727 hoc
1849 5675 1908 5726 est:
1929 5665 1966 5726 sit
1986 5665 2085 5742 diueS,

587 5773 617 5824 et
636 5761 661 5822 si
681 5763 732 5824 fiet
751 5761 850 5838 diues,
880 5761 942 5823 iure
963 5761 1026 5823 erit.
1047 5761 1170 5840 dignum
1190 5773 1233 5824 est
1252 5764 1312 5823 hoc
1331 5761 1451 5824 dicendi
1471 5782 1579 5841 genus,
1604 5764 1687 5842 quod
1707 5763 1840 5843 pluribus
1859 5763 1933 5825 locis
1952 5762 2084 5826 collectis

586 5870 721 5921 accurate
741 5859 917 5922 inlustretur.
937 5858 1126 5939 —denique
1146 5859 1278 5938 priorum
1299 5862 1485 5938 quorundam
1505 5859 1675 5922 criticorum
1695 5860 1727 5922 in
1747 5858 1879 5923 dictione
1888 5882 1969 5923 rura
1980 5863 2086 5940 oppidi

586 5957 802 6020 dubitationem
822 5961 917 6020 leuem
938 5957 1080 6036 exemplis
1100 5957 1215 6020 idoneis
1236 5958 1294 6018 iam
1315 5957 1365 6018 alii
1385 5959 1554 6019 renitanmt.
