5182 7396
589 1227 749 1324 Epistul.
779 1229 810 1300 ll
843 1252 881 1313 1,
914 1251 1024 1319 1-4:

895 1398 971 1458 Cum
993 1408 1037 1458 tot
1058 1396 1199 1457 sustinens
1215 1407 1245 1457 et
1266 1407 1347 1457 tanta
1367 1396 1487 1474 negotia
1507 1399 1602 1470 solus,

897 1498 958 1556 Res
978 1495 1067 1556 Italas
1087 1493 1175 1555 armis
1195 1494 1314 1570 tuteris,
1335 1495 1467 1557 moribus
1488 1515 1589 1569 ornes,
1690 1546 1695 1557 .

896 1592 1023 1671 legibus
1043 1593 1197 1667 emendes,
1219 1592 1250 1653 in
1271 1592 1391 1670 publica
1411 1595 1573 1654 commoda
1592 1613 1732 1670 peccem,

896 1691 925 1751 Si
947 1693 1038 1769 longo
1059 1711 1194 1753 sermone
1214 1710 1312 1752 morer
1332 1701 1383 1750 tua
1402 1703 1552 1769 tempora,
1574 1692 1688 1752 Caesar.

516 1860 709 1934 Bentleius
749 1861 785 1934 in
826 1861 951 1933 uerbis
991 1861 1155 1934 moribus
1192 1886 1302 1934 erues
1342 1862 1508 1934 offensus
1543 1887 1564 1932 e
1600 1860 1815 1934 coniectura
1841 1879 2012 1935 ueterum

515 1985 741 2058 testimoniis
775 1986 875 2083 aptis
909 1984 1077 2058 stabilita
1110 1985 1279 2082 reposuit
1305 1986 1491 2058 meene'bus
1516 2011 1636 2058 ornes.
1664 1985 1928 2082 impugnatum
1954 2001 2013 2060 est

515 2110 604 2192 hoc,
641 2127 683 2183 ut
717 2109 795 2184 lere
830 2109 909 2183 fieri
945 2109 1061 2196 solet,
1096 2111 1145 2183 ab
1172 2110 1380 2184 editoribus
1408 2109 1715 2208 insequentibus;
1742 2110 1810 2182 sed
1836 2135 1935 2207 quae
1962 2110 2012 2183 illi

513 2252 646 2308 contra
671 2234 933 2332 protulerunt,
960 2260 1053 2308 sane
1078 2235 1187 2308 nauci
1213 2252 1302 2307 sunt
1329 2235 1514 2307 habenda.
1549 2235 1681 2331 quanti
1708 2235 1808 2307 eninr
1834 2234 2013 2308 faciemus

513 2359 615 2454 quod
642 2359 930 2456 Cuninghamus
956 2359 1113 2442 obiecit,
1142 2358 1200 2431 uel
1229 2359 1413 2455 pessimos
1440 2359 1629 2455 principes
1657 2361 1788 2460 urbem
1815 2359 2013 2431 moenibus

513 2482 694 2555 ornasse?
721 2508 813 2581 ergo
841 2509 915 2556 non
942 2482 1045 2556 licuit
1073 2483 1234 2557 Horatio
1261 2500 1453 2580 tamquam
1482 2501 1629 2580 partem
1653 2485 1892 2580 negotiorum
1912 2484 2013 2556 haud

514 2633 670 2704 paruam
706 2608 743 2680 in
770 2609 949 2704 Augusto
986 2608 1203 2704 praedicare
1238 2608 1275 2679 id
1301 2609 1403 2704 quod
1430 2634 1514 2680 cunr
1541 2609 1657 2681 ceteri
1684 2609 1887 2704 scriptores
1915 2609 2013 2680 inter

512 2733 593 2805 eius
627 2732 758 2806 laudes
785 2731 952 2805 referunt
980 2750 1059 2804 tum
1087 2732 1168 2828 ipse
1195 2731 1402 2828 imperator
1429 2732 1466 2804 in
1493 2757 1618 2805 rerum
1644 2758 1797 2806 suarum
1824 2758 2012 2806 commen·
2074 2789 2080 2798 .

513 2857 649 2930 tarium
678 2858 821 2954 recepit
849 2856 1029 2953 (monum.
1058 2857 1199 2954 Ancyr.
1228 2857 1270 2930 C.
1305 2881 1346 2949 19
1373 2875 1412 2929 et
1440 2856 1531 2953 20)?
1557 2857 1599 2930 cf.
1628 2875 1667 2930 et
1692 2858 1898 2931 Suetonius
1925 2858 2010 2932 Oct.

468 2971 472 2978 ⁴
515 2984 579 3055 28:
616 2982 816 3055 urbem...
853 2981 1016 3053 excoluit
1045 2982 1134 3054 adeo
1169 2992 1213 3054 ut
1245 2982 1330 3054 lure
1364 2981 1416 3053 sit
1441 2983 1652 3080 gloriatus,
1688 3009 1940 3055 marmoream
1974 3008 2012 3055 se

512 3106 722 3202 relinquere
747 3131 860 3202 quem
886 3105 1092 3178 latericiam
1118 3105 1319 3200 accepisset.
1347 3105 1454 3178 aiunt
1480 3132 1593 3202 porro
1620 3133 1696 3179 non
1724 3124 1826 3179 recte
1852 3106 1923 3180 dici
1950 3133 2012 3180 res

512 3232 635 3303 Italas
674 3229 859 3304 moenc'bus
897 3255 1016 3303 erues.
1066 3255 1140 3326 ego
1179 3255 1271 3301 uero
1306 3231 1376 3302 hoc
1410 3231 1507 3316 scio,
1554 3231 1585 3304 si
1620 3231 1806 3305 moenibus
1839 3231 2011 3305 similene

513 3354 738 3428 uocabulum
766 3355 802 3427 in
830 3354 1059 3428 membranis
1086 3371 1187 3448 esset
1213 3354 1414 3441 traditum,
1442 3371 1561 3429 totam
1590 3355 1840 3453 interpretum
1864 3357 2011 3429 natiun·

511 3479 632 3552 culam
670 3505 745 3552 uno
781 3505 845 3552 ore
880 3478 1124 3552 clamaturam
1162 3503 1264 3565 esse,
1300 3504 1348 3551 ex
1384 3480 1510 3552 uerbis
1541 3480 1662 3578 magis
1688 3480 1764 3554 late
1791 3482 2011 3577 patentibus

510 3630 573 3677 res
598 3605 723 3677 Italas
754 3603 864 3701 primi
892 3604 1050 3676 membri
1077 3603 1125 3676 ad
1151 3604 1227 3676 duo
1253 3604 1454 3700 sequentia
1479 3604 1710 3702 cogitatione
1736 3605 2010 3679 adsumendam

512 3729 705 3802 notionem
741 3729 1000 3826 angustiorem
1033 3729 1180 3814 urbem;
1217 3753 1285 3801 nec
1312 3728 1411 3801 enim
1438 3754 1499 3801 res
1526 3729 1649 3802 Italus
1674 3728 1775 3802 aliud
1801 3729 2009 3828 quidquam
2061 3743 2077 3769 ‘

510 3853 723 3950 significare
757 3879 871 3950 quarn
905 3853 1106 3948 imperium
1133 3854 1370 3937 Romanum,
1402 3853 1507 3926 cuius
1532 3855 1643 3926 sedes
1669 3871 1858 3952 caputque
1887 3855 2010 3929 Roma

511 3978 714 4074 praecipue
748 3995 962 4074 spectetur,
1001 3977 1032 4050 si
1067 3978 1115 4050 de
1149 3977 1318 4075 Augusti
1352 3978 1480 4050 studio
1514 3977 1550 4050 in
1586 3979 1764 4075 operibus
1799 3978 2009 4076 magnificis

510 4103 731 4175 extruendis
769 4103 1012 4199 moribusque
1051 4102 1299 4175 emendandis
1336 4118 1493 4199 agatur,
1540 4118 1579 4174 et
1617 4103 1666 4175 ad
1707 4103 1853 4199 imperii
1892 4104 2008 4176 decus

512 4227 723 4300 redundare
757 4227 940 4324 quidquid
975 4228 1024 4299 ad
1059 4227 1312 4300 decorandam
1348 4228 1480 4300 urbem
1508 4227 1707 4324 pertineat.
1747 4227 1886 4300 deinde
1912 4226 2009 4301 locu-

511 4351 623 4425 tionis
670 4353 834 4426 merc'bus
879 4379 1020 4425 crecere
1066 4351 1305 4425 insolentiam
1355 4379 1430 4426 non
1475 4368 1630 4424 tuentur
1656 4347 1802 4426 ¹contra
1840 4353 2008 4426 criticum

510 4477 703 4574 Anglum,
744 4503 828 4550 cunr
866 4495 1063 4550 accersunt
1100 4477 1227 4574 qualia
1261 4495 1350 4551 sunt
1385 4478 1478 4574 quin
1512 4488 1553 4549 lu
1588 4487 1621 4550 te
1653 4502 1818 4550 exornes
1845 4478 2008 4550 moribus

509 4601 638 4696 lepidis
675 4601 808 4697 (Plaut.
838 4602 951 4675 Most.
981 4603 994 4674 Ι
1023 4625 1064 4695 3,
1097 4601 1154 4700 12)
1194 4620 1261 4674 aut
1298 4602 1364 4674 uir
1398 4601 1562 4674 moribus
1595 4612 1753 4674 ornatus
1786 4600 2006 4699 similiaque.

509 4725 645 4821 quibus
693 4725 876 4822 exemplis
916 4725 1088 4798 Bentleio
1134 4727 1217 4800 sine
1254 4727 1494 4800 dubitatione
1532 4727 1630 4799 bene
1668 4727 1767 4799 notis
1806 4727 1843 4799 id
1882 4728 2008 4824 quode

509 4849 654 4945 agitur,
687 4849 780 4922 alios
818 4849 976 4948 (urbem)
1013 4851 1178 4924 moribus
1209 4877 1351 4924 cruere
1386 4877 1498 4948 posse
1524 4850 1617 4934 diei,
1658 4876 1733 4923 non
1760 4867 2005 4924 sustentatur.

509 4990 548 5046 et
582 4973 652 5047 rite
687 4973 717 5046 si
754 4975 871 5048 uerba
904 4975 1074 5048 codicum
1110 4974 1284 5049 uolumus
1322 4975 1584 5073 interpretari,
1612 4975 1672 5048 hic
1697 4975 1827 5048 euadit
1852 5000 2006 5048 sensus:

508 5099 603 5182 tuis,
631 5099 826 5198 Auguste,
853 5099 1018 5172 moribus
1043 5125 1163 5173 eruces.
1196 5101 1298 5198 quod
1325 5117 1367 5173 ut
1393 5101 1491 5173 inter
1517 5100 1673 5197 negotia
1699 5098 1827 5173 referri
1855 5100 2005 5197 nequit,

509 5222 562 5294 ita
587 5223 906 5319 quemadmodum
934 5221 1019 5296 talis
1044 5249 1179 5296 sensus
1197 5225 1297 5322 aptis
1311 5225 1546 5320 exprimatur
1559 5225 1685 5297 uerbis
1699 5225 1811 5297 docet
1824 5224 2004 5312 Ouidius,

508 5346 572 5442 qui
608 5364 758 5420 metam.
800 5347 877 5419 XV
905 5348 976 5440 833
1002 5373 1057 5445 sq.
1085 5348 1138 5421 ait
1164 5349 1329 5448 legesque
1344 5348 1453 5450 seret
1474 5350 1705 5422 c'ustc'ss'c'mus
1730 5359 1862 5422 auctor
1886 5375 2006 5422 exem·

499 5471 636 5566 ploque
669 5497 736 5544 suo
769 5497 891 5545 mores
923 5483 1046 5571 reget;
1082 5473 1125 5546 cf.
1162 5489 1201 5546 et
1227 5473 1342 5547 Trist.
1371 5474 1401 5546 ll
1431 5498 1470 5560 2,
1499 5495 1544 5566 33
1571 5499 1626 5570 sq.
1661 5474 1826 5571 denique
1851 5473 1883 5546 si
1910 5473 2004 5548 facili

508 5619 625 5690 opera
658 5613 870 5692 congerunt
905 5595 1025 5682 locos,
1057 5597 1194 5693 quibus
1219 5616 1330 5695 grata
1357 5598 1595 5695 iucundaque
1621 5598 1803 5672 orationis
1830 5599 2004 5671 ubertate

509 5717 609 5792 haud
636 5744 720 5793 raro
745 5721 841 5819 kges
866 5737 906 5794 et
928 5746 1048 5794 mores
1062 5721 1239 5819 coniungi
1253 5722 1490 5818 optineatur,
1506 5722 1641 5796 iterum
1657 5724 1822 5820 perdunt
1835 5748 2002 5820 operam.

508 5868 737 5940 quamquam
763 5869 855 5917 sane
880 5846 1090 5918 accuratius
1118 5845 1311 5920 Bentleius
1338 5847 1513 5921 euincere
1539 5848 1689 5938 debuit,
1709 5873 1775 5921 cur
1788 5846 2003 5945 displiceret

508 5968 717 6066 tautologia
752 5970 823 6066 ipsi
850 5969 1028 6058 molesta:
1056 5971 1231 6044 nimirum
1258 5997 1411 6045 sensum
1438 5971 1558 6070 magis
1584 5997 1698 6069 quam
1724 5988 1866 6045 certam
1894 5971 2003 6045 ratio

1824 6099 1839 6142 s
