5200 7398
1343 997 1390 1068 32

617 1202 790 1275 monibus
818 1201 865 1299 (ll
898 1223 959 1294 13,
992 1204 1048 1298 16)
1076 1200 1308 1274 adscriberet
1336 1224 1486 1271 uersum
1515 1199 1560 1270 28
1588 1213 1689 1269 recte
1711 1221 1734 1269 a
1757 1194 1799 1268 C.
1816 1194 1877 1266 Fr.
1894 1192 2116 1266 Hermanno

617 1327 790 1400 eiectum.

690 1450 868 1523 Peruenit
904 1449 1086 1524 Horatius
1119 1449 1168 1522 ad
1195 1449 1231 1522 id
1259 1448 1361 1546 quod
1388 1447 1440 1520 rei
1468 1463 1526 1520 est
1552 1461 1688 1543 caput;
1715 1461 1755 1518 et
1780 1461 2001 1516 ostensurus
2028 1466 2117 1538 quo

617 1576 730 1648 modo
778 1575 906 1672 perfici
945 1591 1061 1673 queat
1100 1574 1186 1648 mali
1225 1573 1334 1670 luga,
1378 1573 1589 1670 interrogat
1626 1596 1674 1644 ex
1713 1568 1888 1643 Numicio
1928 1567 1987 1640 uis
2023 1577 2119 1640 recte

617 1700 776 1772 uiuere?
812 1725 925 1797 quem
967 1699 1029 1772 ubi
1068 1700 1364 1796 respondentem
1403 1697 1490 1770 fecit
1527 1697 1612 1792 quis
1646 1699 1750 1768 non?
1786 1694 1855 1792 (ita
1888 1693 1989 1766 enim
2025 1692 2118 1765 haec

616 1823 914 1923 distribuimus),
950 1823 1079 1897 statim
1115 1823 1254 1920 promit
1293 1823 1330 1894 id
1365 1846 1441 1920 quo
1471 1821 1705 1918 quaestionis
1729 1845 1878 1892 summa
1903 1818 2119 1891 continetur

617 1947 831 2021 consilium:
866 1949 903 2021 si
938 1949 1065 2022 ut‘rlus
1098 1947 1163 2020 lroc
1199 1945 1290 2045 (scil.
1320 1963 1421 2020 recte
1449 1946 1592 2043 uiuere)
1622 1971 1699 2018 una
1720 1955 1843 2042 potest
1864 1944 1978 2030 dore,
1994 1941 2118 2044 sortis

617 2073 763 2146 omz'ssz's
797 2072 863 2146 hoc
899 2071 990 2170 (scil.
1027 2090 1069 2145 ut
1103 2071 1141 2144 id
1174 2071 1293 2144 uirtus
1320 2071 1388 2143 tibi
1415 2071 1495 2168 det)
1523 2095 1593 2169 age
1618 2070 1766 2143 delz'ciis.
1794 2069 1896 2166 quod
1922 2067 2118 2142 eonsilium

618 2197 809 2294 quomodo
834 2199 882 2270 ad
908 2197 1035 2270 omnia
1061 2221 1229 2294 eaquae
1255 2213 1370 2269 antea
1394 2210 1484 2268 sunt
1497 2195 1599 2269 dicta
1611 2211 1761 2292 spectet
1776 2210 1818 2266 ut
1832 2192 2117 2291 intellegamus,

619 2320 894 2395 reminiscenda
939 2337 998 2394 est
1038 2321 1188 2393 uirtutis
1227 2319 1398 2393 definitio
1437 2345 1512 2392 non
1552 2345 1599 2392 ex
1634 2318 1771 2393 scholis
1807 2318 2118 2416 philosophorum

618 2445 821 2543 desumpta
845 2447 912 2519 sed
939 2471 985 2520 ea
1010 2470 1123 2542 quam
1151 2444 1188 2517 in
1216 2445 1381 2542 egregiis
1409 2445 1581 2518 uersibus
1608 2445 1707 2518 inter
1727 2443 1979 2541 pulcherrima
1993 2443 2118 2539 poesis

619 2567 758 2642 latinae
784 2569 998 2667 fragmenta
1023 2587 1126 2643 recte
1153 2569 1360 2643 numeratis
1387 2570 1453 2642 dat
1480 2568 1645 2642 Lucilius
1673 2568 1759 2666 (inc.
1784 2567 1828 2658 lr.
1857 2569 1908 2665 ll:

899 2747 1016 2824 Virtus,
1037 2747 1164 2822 Albine,
1185 2758 1243 2820 est,
1265 2747 1392 2825 pretium
1414 2748 1578 2824 persoluere
1599 2767 1719 2820 uerum,

897 2845 990 2923 Queis
1010 2845 1041 2906 in
1062 2865 1225 2919 uersamur,
1246 2845 1329 2924 queis
1350 2843 1479 2920 uiuimu,
1501 2847 1572 2907 rebu
1593 2857 1723 2923 potesse;

899 2944 1000 3004 Virtus
1019 2957 1077 3019 est,
1100 2943 1213 3005 bomini
1234 2944 1308 3005 scire
1331 2943 1361 3003 id
1382 2945 1464 3022 quod
1485 2963 1621 3022 quaeque
1642 2947 1722 3006 ualet
1742 2965 1787 3005 res
1804 2945 1842 3024 ¹);

898 3043 1016 3116 Virtus,
1037 3043 1111 3104 scire
1131 3041 1245 3103 homini
1266 3053 1379 3104 rectum
1401 3041 1473 3103 utile
1493 3043 1565 3119 quid
1586 3043 1623 3106 sit
1644 3045 1816 3116 honestum,

899 3141 985 3217 Quae
1005 3143 1086 3202 bona
1106 3159 1183 3218 quae
1201 3142 1279 3200 mala
1300 3141 1387 3214 item,
1408 3139 1482 3218 quid
1504 3141 1606 3202 inutile
1627 3153 1712 3219 turpe
1733 3141 1937 3211 inhonestum

900 3239 1016 3314 Virtus,
1037 3239 1223 3316 quaerendae
1243 3241 1332 3300 finem
1354 3238 1395 3299 rei
1415 3239 1489 3300 scire
1510 3241 1710 3318 modumque3

899 3336 1016 3411 Virtus,
1037 3335 1148 3396 diuitiis
1169 3335 1295 3414 pretium
1316 3337 1483 3414 persoluere
1505 3357 1606 3415 posse;

900 3435 1016 3510 Virtus,
1038 3433 1069 3495 id
1089 3435 1160 3495 dare
1179 3436 1262 3512 quod
1283 3455 1313 3496 re
1335 3435 1398 3512 ipsa
1417 3435 1541 3497 debetur
1560 3435 1666 3497 honori
1687 3455 1747 3513 eqs.

621 3595 749 3682 uides,
776 3596 909 3681 credo,
936 3597 1127 3693 quomodo
1154 3595 1274 3670 uirtus
1300 3595 1411 3670 faciat
1435 3598 1484 3671 ad
1512 3613 1614 3671 recte
1640 3597 1866 3682 uiuendum,
1898 3597 1946 3670 ad
1972 3621 2120 3670 summa

621 3745 719 3818 quae
767 3720 883 3817 uulgo
932 3720 1110 3794 uidentur
1155 3720 1257 3795 bona
1295 3722 1480 3806 taxanda,
1519 3722 1568 3796 ad
1607 3721 1915 3818 consequendum
1954 3721 2119 3818 denique

623 3844 875 3919 Horatianum
902 3845 962 3918 nil
980 3846 1182 3920 admirari.

697 3970 937 4043 Renuentem
973 3969 1123 4044 uirtutis
1161 3971 1313 4043 nomine
1339 3971 1477 4044 iniecto
1504 3970 1767 4067 ridentemque
1793 3970 2007 4042 Numicium
2034 3995 2119 4042 cum

623 4093 753 4167 uidere
787 4094 859 4166 sibi
895 4095 1089 4179 uideatur,
1127 4094 1308 4169 Horatius
1343 4095 1396 4169 ita
1422 4095 1567 4193 pergit:
1607 4097 1786 4168 uirtutem
1813 4096 1926 4168 uerba
1943 4104 2062 4190 pulos
2085 4105 2122 4166 el

622 4219 746 4292 lucum
771 4219 910 4318 legno?
946 4236 1026 4291 tum
1052 4245 1144 4293 sane
1172 4219 1262 4293 nihil
1290 4236 1409 4293 restat
1434 4245 1548 4316 quam
1575 4236 1618 4292 ut
1644 4219 1747 4317 uulgi
1776 4246 1879 4293 more
1907 4220 2013 4293 uiuas
2038 4219 2120 4292 siue

622 4343 864 4416 conradendo
889 4368 983 4440 opes
1009 4345 1109 4417 bona
1134 4345 1263 4419 omnia
1280 4343 1386 4417 facile
1400 4345 1629 4441 praebentes
1644 4344 1820 4443 (32—48)
1836 4344 1917 4417 siue
1930 4343 2120 4440 captando

623 4466 761 4540 ciuium
788 4466 955 4540 fauorem
985 4467 1160 4566 (49—55)
1189 4469 1270 4540 siue
1296 4468 1487 4541 luxuriose
1502 4468 1652 4565 agendo
1669 4469 1844 4567 (56—64)
1860 4468 2120 4566 siuedenique

622 4592 786 4665 amando
814 4592 875 4690 (65
902 4595 987 4690 sq).
1029 4618 1127 4690 quae
1165 4592 1314 4690 singula
1352 4593 1414 4666 ubi
1452 4592 1577 4690 lepide
1603 4593 1803 4691 descripsit
1829 4595 1979 4667 insertis
2005 4594 2119 4666 etiam

624 4715 913 4789 narratiunculis
940 4717 1093 4802 iocosis,
1120 4718 1150 4790 si
1178 4719 1333 4790 tandem
1360 4718 1535 4791 Numicio
1562 4718 1738 4792 ualedicit
1765 4718 1821 4792 his
1847 4719 1973 4791 uerbis
1997 4719 2125 4815 siquid

624 4839 767 4913 nouz'sti
789 4866 887 4938 eqs.‚
915 4840 1038 4914 lenem
1065 4842 1274 4916 irrisionem
1302 4868 1370 4940 per
1395 4842 1552 4916 alteram
1579 4843 1754 4916 carminis
1781 4860 1928 4940 partem
1950 4868 2120 4939 sparsam

624 4981 664 5037 et
699 4965 736 5037 in
764 4964 838 5038 fine
865 4965 1039 5062 praefert.
1081 4992 1156 5039 non
1184 4966 1301 5040 ualuit
1326 4984 1453 5041 autern
1483 4967 1521 5040 id
1546 4967 1648 5064 quod
1674 4968 1886 5040 docendum
1913 4984 2018 5053 erat,
2050 4967 2122 5039 uir-

627 5105 748 5161 tutem
775 5090 924 5163 unicam
949 5092 998 5163 ad
1025 5107 1126 5163 reete
1154 5091 1358 5164 uiuendum
1385 5117 1470 5164 esse
1496 5092 1650 5176 ducem,
1686 5091 1819 5164 melius
1845 5093 1981 5164 docere
2007 5116 2120 5188 quam

625 5211 810 5308 exemplis
845 5213 925 5286 istis
960 5239 1006 5286 ex
1041 5215 1230 5288 contrario
1261 5215 1392 5312 petitis
1418 5216 1530 5288 etad
1558 5215 1673 5288 risum
1701 5217 1930 5288 mouendum
1956 5216 2119 5303 idoneis;

626 5361 751 5435 neque
790 5337 985 5412 Numicius
1024 5337 1192 5436 perlecta
1229 5338 1393 5434 epistula
1427 5338 1549 5414 facere
1586 5340 1710 5438 potuit
1744 5341 1835 5437 quin
1872 5342 2050 5414 transiret
2084 5341 2120 5413 in

626 5458 723 5534 illius
756 5463 1005 5548 sententiam,
1045 5488 1129 5535 cum
1166 5463 1388 5558 praesertim
1427 5481 1468 5536 ut
1502 5463 1619 5537 libere
1645 5465 1871 5538 concederet
1897 5465 2123 5538 inuitaretur

626 5585 735 5658 amici
762 5584 894 5659 melius
920 5585 1115 5660 consilium
1143 5612 1276 5684 rogare
1303 5613 1345 5660 se
1371 5587 1550 5685 fingentis
1577 5588 1752 5663 clausula.

691 5835 713 5912 ¹)
734 5838 818 5894 ualet
837 5855 887 5896 res
906 5834 1021 5913 scripsi:
1045 5837 1156 5896 habeat
1176 5858 1225 5897 res
1245 5839 1344 5914 uulgo.

1270 6031 1334 6037 -η
1338 6031 1481 6038 ------.
