<?xml version="1.0" encoding="UTF-8"?>
<!DOCTYPE html PUBLIC "-//W3C//DTD XHTML 1.0 Transitional//EN"
    "http://www.w3.org/TR/xhtml1/DTD/xhtml1-transitional.dtd">
<html xmlns="http://www.w3.org/1999/xhtml" xml:lang="en" lang="en">
 <head>
  <title>
</title>
<meta http-equiv="Content-Type" content="text/html;charset=utf-8" />
  <meta name='ocr-system' content='tesseract 3.04.00' />
  <meta name='ocr-capabilities' content='ocr_page ocr_carea ocr_par ocr_line ocrx_word'/>
</head>
<body>
  <div class='ocr_page' id='page_1' title='image "./lectioneshorati01bhgoog_0029.png"; bbox 0 0 5182 7396; ppageno 0'>
   <div class='ocr_carea' id='block_1_1' title="bbox 1314 999 1358 1071">
    <p class='ocr_par' dir='ltr' id='par_1_1' title="bbox 1314 999 1358 1071">
     <span class='ocr_line' id='line_1_1' title="bbox 1314 999 1358 1071; baseline 0.023 -1"><span class='ocrx_word' id='word_1_1' title='bbox 1314 999 1358 1071; x_wconf 92' lang='lat'>18</span> 
     </span>
    </p>
   </div>
   <div class='ocr_carea' id='block_1_2' title="bbox 586 1198 2085 3170">
    <p class='ocr_par' dir='ltr' id='par_1_2' title="bbox 586 1198 2085 3170">
     <span class='ocr_line' id='line_1_2' title="bbox 589 1198 2083 1298; baseline 0.003 -26"><span class='ocrx_word' id='word_1_2' title='bbox 589 1198 744 1298; x_wconf 91' lang='lat' dir='ltr'>uulgata</span> <span class='ocrx_word' id='word_1_3' title='bbox 769 1199 956 1297; x_wconf 94' lang='lat' dir='ltr'>scriptura</span> <span class='ocrx_word' id='word_1_4' title='bbox 981 1199 1143 1274; x_wconf 91' lang='lat' dir='ltr'>habetur</span> <span class='ocrx_word' id='word_1_5' title='bbox 1168 1199 1288 1273; x_wconf 91' lang='lat' dir='ltr'>iustus</span> <span class='ocrx_word' id='word_1_6' title='bbox 1314 1225 1400 1273; x_wconf 93' lang='lat' dir='ltr'>cum</span> <span class='ocrx_word' id='word_1_7' title='bbox 1425 1200 1600 1298; x_wconf 86' lang='lat' dir='ltr'>sequenti</span> <span class='ocrx_word' id='word_1_8' title='bbox 1627 1199 1701 1274; x_wconf 92' lang='lat' dir='ltr'>iam</span> <span class='ocrx_word' id='word_1_9' title='bbox 1716 1199 1871 1274; x_wconf 89' lang='lat' dir='ltr'>militiae</span> <span class='ocrx_word' id='word_1_10' title='bbox 1884 1200 2083 1276; x_wconf 90' lang='lat' dir='ltr'>Venereae</span> 
     </span>
     <span class='ocr_line' id='line_1_3' title="bbox 588 1323 2084 1422; baseline 0.001 -24"><span class='ocrx_word' id='word_1_11' title='bbox 588 1324 842 1422; x_wconf 86' lang='lat' dir='ltr'>descriptione</span> <span class='ocrx_word' id='word_1_12' title='bbox 875 1350 1052 1399; x_wconf 87' lang='lat' dir='ltr'>conexus.</span> <span class='ocrx_word' id='word_1_13' title='bbox 1092 1324 1252 1399; x_wconf 89' lang='lat' dir='ltr'>coniecit</span> <span class='ocrx_word' id='word_1_14' title='bbox 1287 1324 1415 1422; x_wconf 94' lang='lat' dir='ltr'>itaque</span> <span class='ocrx_word' id='word_1_15' title='bbox 1440 1323 1599 1399; x_wconf 87' lang='lat' dir='ltr'>Carolus</span> <span class='ocrx_word' id='word_1_16' title='bbox 1626 1326 1657 1398; x_wconf 92' lang='lat' dir='ltr'>F</span> <span class='ocrx_word' id='word_1_17' title='bbox 1660 1325 1815 1398; x_wconf 89' lang='lat' dir='ltr'>rankius</span> <span class='ocrx_word' id='word_1_18' title='bbox 1840 1325 1930 1398; x_wconf 53' lang='grc' dir='ltr'>κατ’</span> <span class='ocrx_word' id='word_1_19' title='bbox 1952 1325 2084 1400; x_wconf 77' lang='lat' dir='ltr'>duellis</span> 
     </span>
     <span class='ocr_line' id='line_1_4' title="bbox 587 1448 2082 1547; baseline 0.001 -25"><span class='ocrx_word' id='word_1_20' title='bbox 587 1459 709 1546; x_wconf 80' lang='lat' dir='ltr'><em>nuper</em></span> <span class='ocrx_word' id='word_1_21' title='bbox 733 1449 896 1523; x_wconf 69' lang='lat' dir='ltr'>Monens.</span> <span class='ocrx_word' id='word_1_22' title='bbox 923 1451 1027 1547; x_wconf 93' lang='lat' dir='ltr'>quod</span> <span class='ocrx_word' id='word_1_23' title='bbox 1051 1450 1124 1524; x_wconf 89' lang='lat' dir='ltr'>etsi</span> <span class='ocrx_word' id='word_1_24' title='bbox 1150 1451 1361 1547; x_wconf 85' lang='lat' dir='ltr'>probarunt</span> <span class='ocrx_word' id='word_1_25' title='bbox 1385 1448 1530 1547; x_wconf 86' lang='lat' dir='ltr'>aliquot</span> <span class='ocrx_word' id='word_1_26' title='bbox 1556 1475 1631 1524; x_wconf 95' lang='lat' dir='ltr'>non</span> <span class='ocrx_word' id='word_1_27' title='bbox 1650 1449 1767 1523; x_wconf 86' lang='lat' dir='ltr'>infimi</span> <span class='ocrx_word' id='word_1_28' title='bbox 1789 1450 1932 1524; x_wconf 94' lang='lat' dir='ltr'>ordinis</span> <span class='ocrx_word' id='word_1_29' title='bbox 1945 1451 2082 1538; x_wconf 88' lang='lat' dir='ltr'>critici,</span> 
     </span>
     <span class='ocr_line' id='line_1_5' title="bbox 587 1574 2083 1673; baseline 0.002 -26"><span class='ocrx_word' id='word_1_30' title='bbox 587 1589 716 1647; x_wconf 88' lang='lat' dir='ltr'>tamen</span> <span class='ocrx_word' id='word_1_31' title='bbox 751 1574 980 1648; x_wconf 85' lang='lat' dir='ltr'>reiciendum</span> <span class='ocrx_word' id='word_1_32' title='bbox 1015 1591 1074 1648; x_wconf 90' lang='lat' dir='ltr'>est</span> <span class='ocrx_word' id='word_1_33' title='bbox 1108 1575 1326 1648; x_wconf 85' lang='lat' dir='ltr'>certissime.</span> <span class='ocrx_word' id='word_1_34' title='bbox 1367 1575 1555 1673; x_wconf 85' lang='lat' dir='ltr'>ingratam</span> <span class='ocrx_word' id='word_1_35' title='bbox 1590 1574 1857 1672; x_wconf 89' lang='lat' dir='ltr'>repetitionem</span> <span class='ocrx_word' id='word_1_36' title='bbox 1886 1575 2019 1649; x_wconf 73' lang='lat' dir='ltr'>duellis</span> <span class='ocrx_word' id='word_1_37' title='bbox 2044 1592 2083 1650; x_wconf 89' lang='lat' dir='ltr'>et</span> 
     </span>
     <span class='ocr_line' id='line_1_6' title="bbox 586 1697 2085 1798; baseline 0.003 -28"><span class='ocrx_word' id='word_1_38' title='bbox 586 1697 673 1772; x_wconf 81' lang='lat' dir='ltr'>bello</span> <span class='ocrx_word' id='word_1_39' title='bbox 712 1698 785 1772; x_wconf 92' lang='lat' dir='ltr'>iam</span> <span class='ocrx_word' id='word_1_40' title='bbox 822 1699 884 1772; x_wconf 90' lang='lat' dir='ltr'>alii</span> <span class='ocrx_word' id='word_1_41' title='bbox 925 1698 982 1797; x_wconf 88' lang='lat' dir='ltr'>(ut</span> <span class='ocrx_word' id='word_1_42' title='bbox 1016 1699 1255 1798; x_wconf 84' lang='lat' dir='ltr'>Schuetzius)</span> <span class='ocrx_word' id='word_1_43' title='bbox 1291 1715 1393 1773; x_wconf 89' lang='lat' dir='ltr'>recte</span> <span class='ocrx_word' id='word_1_44' title='bbox 1430 1699 1752 1798; x_wconf 88' lang='lat' dir='ltr'>perstrinxerunt;</span> <span class='ocrx_word' id='word_1_45' title='bbox 1787 1699 1855 1772; x_wconf 90' lang='lat' dir='ltr'>sed</span> <span class='ocrx_word' id='word_1_46' title='bbox 1885 1716 2085 1796; x_wconf 90' lang='lat' dir='ltr'>praeterea</span> 
     </span>
     <span class='ocr_line' id='line_1_7' title="bbox 587 1823 2084 1922; baseline 0 -24"><span class='ocrx_word' id='word_1_47' title='bbox 587 1849 661 1921; x_wconf 90' lang='lat' dir='ltr'>ego</span> <span class='ocrx_word' id='word_1_48' title='bbox 695 1825 817 1922; x_wconf 88' lang='lat' dir='ltr'>ipsam</span> <span class='ocrx_word' id='word_1_49' title='bbox 847 1823 961 1898; x_wconf 91' lang='lat' dir='ltr'>duelli</span> <span class='ocrx_word' id='word_1_50' title='bbox 988 1850 1119 1899; x_wconf 92' lang='lat' dir='ltr'>uocem</span> <span class='ocrx_word' id='word_1_51' title='bbox 1146 1825 1231 1898; x_wconf 91' lang='lat' dir='ltr'>huic</span> <span class='ocrx_word' id='word_1_52' title='bbox 1257 1824 1340 1898; x_wconf 91' lang='lat' dir='ltr'>loco</span> <span class='ocrx_word' id='word_1_53' title='bbox 1364 1825 1693 1898; x_wconf 88' lang='lat' dir='ltr'>adcommodatam</span> <span class='ocrx_word' id='word_1_54' title='bbox 1719 1849 1803 1898; x_wconf 90' lang='lat' dir='ltr'>esse</span> <span class='ocrx_word' id='word_1_55' title='bbox 1829 1849 1940 1921; x_wconf 88' lang='lat' dir='ltr'>nego.</span> <span class='ocrx_word' id='word_1_56' title='bbox 1980 1851 2084 1898; x_wconf 89' lang='lat' dir='ltr'>usur-</span> 
     </span>
     <span class='ocr_line' id='line_1_8' title="bbox 587 1949 2083 2047; baseline 0.001 -25"><span class='ocrx_word' id='word_1_57' title='bbox 587 1950 777 2045; x_wconf 88' lang='lat' dir='ltr'>pabantur</span> <span class='ocrx_word' id='word_1_58' title='bbox 813 1950 914 2023; x_wconf 92' lang='lat' dir='ltr'>enim</span> <span class='ocrx_word' id='word_1_59' title='bbox 949 1949 1039 2024; x_wconf 88' lang='lat' dir='ltr'>talia</span> <span class='ocrx_word' id='word_1_60' title='bbox 1077 1950 1261 2024; x_wconf 88' lang='lat' dir='ltr'>uocabula</span> <span class='ocrx_word' id='word_1_61' title='bbox 1285 1949 1409 2047; x_wconf 89' lang='lat' dir='ltr'>prisca</span> <span class='ocrx_word' id='word_1_62' title='bbox 1433 1950 1482 2023; x_wconf 92' lang='lat' dir='ltr'>ab</span> <span class='ocrx_word' id='word_1_63' title='bbox 1507 1949 1592 2022; x_wconf 91' lang='lat' dir='ltr'>aeui</span> <span class='ocrx_word' id='word_1_64' title='bbox 1620 1949 1810 2047; x_wconf 86' lang='lat' dir='ltr'>Augustei</span> <span class='ocrx_word' id='word_1_65' title='bbox 1836 1950 2083 2046; x_wconf 88' lang='lat' dir='ltr'>scriptoribus</span> 
     </span>
     <span class='ocr_line' id='line_1_9' title="bbox 588 2073 2084 2174; baseline 0.001 -27"><span class='ocrx_word' id='word_1_66' title='bbox 588 2075 659 2161; x_wconf 88' lang='lat' dir='ltr'>ibi,</span> <span class='ocrx_word' id='word_1_67' title='bbox 694 2076 758 2149; x_wconf 93' lang='lat' dir='ltr'>ubi</span> <span class='ocrx_word' id='word_1_68' title='bbox 783 2076 948 2150; x_wconf 92' lang='lat' dir='ltr'>sermoni</span> <span class='ocrx_word' id='word_1_69' title='bbox 973 2077 1203 2174; x_wconf 89' lang='lat' dir='ltr'>grauitatem</span> <span class='ocrx_word' id='word_1_70' title='bbox 1229 2075 1420 2173; x_wconf 90' lang='lat' dir='ltr'>quandam</span> <span class='ocrx_word' id='word_1_71' title='bbox 1446 2074 1659 2160; x_wconf 85' lang='lat' dir='ltr'>addebant,</span> <span class='ocrx_word' id='word_1_72' title='bbox 1696 2073 1759 2147; x_wconf 93' lang='lat' dir='ltr'>ubi</span> <span class='ocrx_word' id='word_1_73' title='bbox 1785 2099 1870 2146; x_wconf 92' lang='lat' dir='ltr'>cum</span> <span class='ocrx_word' id='word_1_74' title='bbox 1896 2074 2084 2172; x_wconf 84' lang='lat' dir='ltr'>dignitate</span> 
     </span>
     <span class='ocr_line' id='line_1_10' title="bbox 586 2198 2083 2298; baseline 0.001 -26"><span class='ocrx_word' id='word_1_75' title='bbox 586 2217 703 2297; x_wconf 93' lang='lat' dir='ltr'>atque</span> <span class='ocrx_word' id='word_1_76' title='bbox 728 2221 836 2298; x_wconf 78' lang='grc' dir='ltr'><strong>σεμνῶς</strong></span> <span class='ocrx_word' id='word_1_77' title='bbox 861 2199 1123 2298; x_wconf 90' lang='lat' dir='ltr'>loquebantur.</span> <span class='ocrx_word' id='word_1_78' title='bbox 1151 2199 1279 2297; x_wconf 91' lang='lat' dir='ltr'>itaque</span> <span class='ocrx_word' id='word_1_79' title='bbox 1303 2223 1533 2297; x_wconf 91' lang='lat' dir='ltr'>quamquam</span> <span class='ocrx_word' id='word_1_80' title='bbox 1558 2223 1674 2295; x_wconf 88' lang='lat' dir='ltr'>saepe</span> <span class='ocrx_word' id='word_1_81' title='bbox 1701 2198 1739 2271; x_wconf 95' lang='lat' dir='ltr'>id</span> <span class='ocrx_word' id='word_1_82' title='bbox 1764 2199 1866 2295; x_wconf 91' lang='lat' dir='ltr'>quod</span> <span class='ocrx_word' id='word_1_83' title='bbox 1879 2215 1939 2272; x_wconf 90' lang='lat' dir='ltr'>est</span> <span class='ocrx_word' id='word_1_84' title='bbox 1951 2199 2083 2273; x_wconf 81' lang='lat' dir='ltr'>bellum</span> 
     </span>
     <span class='ocr_line' id='line_1_11' title="bbox 586 2322 2083 2410; baseline 0 -13"><span class='ocrx_word' id='word_1_85' title='bbox 586 2326 636 2398; x_wconf 92' lang='lat' dir='ltr'>ad</span> <span class='ocrx_word' id='word_1_86' title='bbox 669 2351 730 2400; x_wconf 93' lang='lat' dir='ltr'>res</span> <span class='ocrx_word' id='word_1_87' title='bbox 756 2326 951 2400; x_wconf 90' lang='lat' dir='ltr'>Venereas</span> <span class='ocrx_word' id='word_1_88' title='bbox 985 2323 1279 2410; x_wconf 89' lang='lat' dir='ltr'>transtulerunt,</span> <span class='ocrx_word' id='word_1_89' title='bbox 1315 2339 1443 2397; x_wconf 92' lang='lat' dir='ltr'>tamen</span> <span class='ocrx_word' id='word_1_90' title='bbox 1480 2323 1543 2396; x_wconf 91' lang='lat' dir='ltr'>ubi</span> <span class='ocrx_word' id='word_1_91' title='bbox 1580 2323 1617 2396; x_wconf 94' lang='lat' dir='ltr'>in</span> <span class='ocrx_word' id='word_1_92' title='bbox 1653 2322 1711 2396; x_wconf 91' lang='lat' dir='ltr'>his</span> <span class='ocrx_word' id='word_1_93' title='bbox 1744 2323 1895 2396; x_wconf 90' lang='lat' dir='ltr'>ludicris</span> <span class='ocrx_word' id='word_1_94' title='bbox 1919 2325 2083 2398; x_wconf 83' lang='lat' dir='ltr'>duellum</span> 
     </span>
     <span class='ocr_line' id='line_1_12' title="bbox 587 2447 2084 2546; baseline 0.001 -23"><span class='ocrx_word' id='word_1_95' title='bbox 587 2449 754 2524; x_wconf 89' lang='lat' dir='ltr'>dixerint</span> <span class='ocrx_word' id='word_1_96' title='bbox 778 2450 917 2524; x_wconf 84' lang='lat' dir='ltr'>frustra</span> <span class='ocrx_word' id='word_1_97' title='bbox 940 2449 1210 2546; x_wconf 83' lang='lat' dir='ltr'>circumspicio.</span> <span class='ocrx_word' id='word_1_98' title='bbox 1238 2464 1278 2522; x_wconf 92' lang='lat' dir='ltr'>et</span> <span class='ocrx_word' id='word_1_99' title='bbox 1304 2473 1394 2520; x_wconf 89' lang='lat' dir='ltr'>num</span> <span class='ocrx_word' id='word_1_100' title='bbox 1421 2448 1474 2521; x_wconf 91' lang='lat' dir='ltr'>ita</span> <span class='ocrx_word' id='word_1_101' title='bbox 1499 2447 1632 2522; x_wconf 91' lang='lat' dir='ltr'>melior</span> <span class='ocrx_word' id='word_1_102' title='bbox 1657 2447 1699 2521; x_wconf 84' lang='lat' dir='ltr'>fit</span> <span class='ocrx_word' id='word_1_103' title='bbox 1724 2447 1942 2522; x_wconf 88' lang='lat' dir='ltr'>sententia?</span> <span class='ocrx_word' id='word_1_104' title='bbox 1957 2473 2084 2524; x_wconf 86' lang='lat' dir='ltr'>nonne</span> 
     </span>
     <span class='ocr_line' id='line_1_13' title="bbox 589 2571 2085 2673; baseline 0.001 -26"><span class='ocrx_word' id='word_1_105' title='bbox 589 2593 760 2649; x_wconf 90' lang='lat' dir='ltr'>remanet</span> <span class='ocrx_word' id='word_1_106' title='bbox 797 2575 901 2673; x_wconf 91' lang='lat' dir='ltr'>prior</span> <span class='ocrx_word' id='word_1_107' title='bbox 935 2575 1129 2672; x_wconf 89' lang='lat' dir='ltr'>maiorque</span> <span class='ocrx_word' id='word_1_108' title='bbox 1162 2571 1348 2647; x_wconf 85' lang='lat' dir='ltr'>offensio?</span> <span class='ocrx_word' id='word_1_109' title='bbox 1386 2573 1520 2670; x_wconf 90' lang='lat' dir='ltr'>quodsi</span> <span class='ocrx_word' id='word_1_110' title='bbox 1556 2573 1646 2646; x_wconf 79' lang='lat' dir='ltr'>uixi</span> <span class='ocrx_word' id='word_1_111' title='bbox 1667 2573 1807 2670; x_wconf 76' lang='lat' dir='ltr'>puellis</span> <span class='ocrx_word' id='word_1_112' title='bbox 1841 2584 1962 2671; x_wconf 79' lang='lat' dir='ltr'>nuper</span> <span class='ocrx_word' id='word_1_113' title='bbox 1998 2573 2085 2671; x_wconf 92' lang='lat' dir='ltr'>(hoc</span> 
     </span>
     <span class='ocr_line' id='line_1_14' title="bbox 587 2697 2085 2796; baseline 0 -24"><span class='ocrx_word' id='word_1_114' title='bbox 587 2716 665 2786; x_wconf 92' lang='lat' dir='ltr'>est,</span> <span class='ocrx_word' id='word_1_115' title='bbox 704 2716 808 2773; x_wconf 92' lang='lat' dir='ltr'>totus</span> <span class='ocrx_word' id='word_1_116' title='bbox 841 2700 895 2773; x_wconf 93' lang='lat' dir='ltr'>eis</span> <span class='ocrx_word' id='word_1_117' title='bbox 929 2700 1080 2774; x_wconf 91' lang='lat' dir='ltr'>deditus</span> <span class='ocrx_word' id='word_1_118' title='bbox 1116 2697 1235 2796; x_wconf 84' lang='lat' dir='ltr'>eram)</span> <span class='ocrx_word' id='word_1_119' title='bbox 1275 2723 1344 2795; x_wconf 90' lang='lat' dir='ltr'>per</span> <span class='ocrx_word' id='word_1_120' title='bbox 1377 2723 1419 2770; x_wconf 90' lang='lat' dir='ltr'>se</span> <span class='ocrx_word' id='word_1_121' title='bbox 1453 2697 1606 2794; x_wconf 89' lang='lat' dir='ltr'>quidem</span> <span class='ocrx_word' id='word_1_122' title='bbox 1632 2697 1730 2771; x_wconf 87' lang='lat' dir='ltr'>bene</span> <span class='ocrx_word' id='word_1_123' title='bbox 1756 2714 1852 2784; x_wconf 89' lang='lat' dir='ltr'>stat,</span> <span class='ocrx_word' id='word_1_124' title='bbox 1879 2715 2085 2796; x_wconf 91' lang='lat' dir='ltr'>quaeratur</span> 
     </span>
     <span class='ocr_line' id='line_1_15' title="bbox 588 2821 2083 2921; baseline 0.001 -24"><span class='ocrx_word' id='word_1_125' title='bbox 588 2824 716 2920; x_wconf 91' lang='lat' dir='ltr'>potius</span> <span class='ocrx_word' id='word_1_126' title='bbox 750 2825 788 2897; x_wconf 91' lang='lat' dir='ltr'>in</span> <span class='ocrx_word' id='word_1_127' title='bbox 823 2849 916 2898; x_wconf 88' lang='lat' dir='ltr'>uoce</span> <span class='ocrx_word' id='word_1_128' title='bbox 948 2825 1101 2898; x_wconf 59' lang='lat' dir='ltr'>ruamus</span> <span class='ocrx_word' id='word_1_129' title='bbox 1133 2821 1276 2920; x_wconf 90' lang='lat' dir='ltr'>aliquid</span> <span class='ocrx_word' id='word_1_130' title='bbox 1310 2823 1525 2896; x_wconf 92' lang='lat' dir='ltr'>sententiae</span> <span class='ocrx_word' id='word_1_131' title='bbox 1557 2838 1690 2920; x_wconf 91' lang='lat' dir='ltr'>aptum</span> <span class='ocrx_word' id='word_1_132' title='bbox 1721 2848 1873 2921; x_wconf 89' lang='lat' dir='ltr'>quoque</span> <span class='ocrx_word' id='word_1_133' title='bbox 1898 2822 2008 2896; x_wconf 92' lang='lat' dir='ltr'>simul</span> <span class='ocrx_word' id='word_1_134' title='bbox 2034 2825 2083 2899; x_wconf 93' lang='lat' dir='ltr'>ad</span> 
     </span>
     <span class='ocr_line' id='line_1_16' title="bbox 587 2947 2084 3045; baseline 0 -23"><span class='ocrx_word' id='word_1_135' title='bbox 587 2949 787 3045; x_wconf 91' lang='lat' dir='ltr'>sequentia</span> <span class='ocrx_word' id='word_1_136' title='bbox 812 2949 878 3022; x_wconf 87' lang='lat' dir='ltr'>fiat</span> <span class='ocrx_word' id='word_1_137' title='bbox 904 2948 1095 3022; x_wconf 89' lang='lat' dir='ltr'>transitus.</span> <span class='ocrx_word' id='word_1_138' title='bbox 1122 2947 1326 3021; x_wconf 87' lang='lat' dir='ltr'>conuenire</span> <span class='ocrx_word' id='word_1_139' title='bbox 1351 2963 1479 3021; x_wconf 90' lang='lat' dir='ltr'>autem</span> <span class='ocrx_word' id='word_1_140' title='bbox 1508 2963 1601 3045; x_wconf 95' lang='lat' dir='ltr'>puto</span> <span class='ocrx_word' id='word_1_141' title='bbox 1626 2947 1973 3045; x_wconf 89' lang='lat' dir='ltr'>magniloquentiae</span> <span class='ocrx_word' id='word_1_142' title='bbox 1998 2975 2084 3022; x_wconf 91' lang='lat' dir='ltr'>cum</span> 
     </span>
     <span class='ocr_line' id='line_1_17' title="bbox 588 3073 1029 3170; baseline 0 -24"><span class='ocrx_word' id='word_1_143' title='bbox 588 3073 670 3148; x_wconf 93' lang='lat' dir='ltr'>ioco</span> <span class='ocrx_word' id='word_1_144' title='bbox 695 3073 890 3170; x_wconf 88' lang='lat' dir='ltr'>quaesitae</span> <span class='ocrx_word' id='word_1_145' title='bbox 916 3073 1029 3146; x_wconf 93' lang='lat' dir='ltr'>hoce:</span> 
     </span>
    </p>
   </div>
   <div class='ocr_carea' id='block_1_3' title="bbox 1088 3214 1568 3292">
    <p class='ocr_par' dir='ltr' id='par_1_3' title="bbox 1088 3214 1568 3292">
     <span class='ocr_line' id='line_1_18' title="bbox 1088 3214 1568 3292; baseline 0 -16"><span class='ocrx_word' id='word_1_146' title='bbox 1088 3215 1149 3276; x_wconf 88' lang='lat' dir='ltr'>uixi</span> <span class='ocrx_word' id='word_1_147' title='bbox 1169 3214 1275 3292; x_wconf 88' lang='lat' dir='ltr'>puellis</span> <span class='ocrx_word' id='word_1_148' title='bbox 1294 3234 1388 3292; x_wconf 86' lang='lat' dir='ltr'>nuper</span> <span class='ocrx_word' id='word_1_149' title='bbox 1408 3215 1568 3290; x_wconf 83' lang='lat' dir='ltr'>Adoneus,</span> 
     </span>
    </p>
   </div>
   <div class='ocr_carea' id='block_1_4' title="bbox 585 3400 2084 5249">
    <p class='ocr_par' dir='ltr' id='par_1_4' title="bbox 585 3400 2084 5249">
     <span class='ocr_line' id='line_1_19' title="bbox 588 3400 2083 3498; baseline 0.001 -21"><span class='ocrx_word' id='word_1_150' title='bbox 588 3404 796 3478; x_wconf 92' lang='lat' dir='ltr'>secundum</span> <span class='ocrx_word' id='word_1_151' title='bbox 823 3427 974 3476; x_wconf 91' lang='lat' dir='ltr'>uersum</span> <span class='ocrx_word' id='word_1_152' title='bbox 1002 3401 1240 3475; x_wconf 91' lang='lat' dir='ltr'>notissimum</span> <span class='ocrx_word' id='word_1_153' title='bbox 1266 3400 1405 3475; x_wconf 92' lang='lat' dir='ltr'>Catulli</span> <span class='ocrx_word' id='word_1_154' title='bbox 1433 3401 1571 3475; x_wconf 92' lang='lat' dir='ltr'>XXIX</span> <span class='ocrx_word' id='word_1_155' title='bbox 1586 3403 1608 3474; x_wconf 90' lang='lat'>8</span> <span class='ocrx_word' id='word_1_156' title='bbox 1626 3403 1906 3498; x_wconf 76' lang='lat' dir='ltr'>perambulabit</span> <span class='ocrx_word' id='word_1_157' title='bbox 1916 3405 2083 3478; x_wconf 81' lang='lat' dir='ltr'>omm&#39;um</span> 
     </span>
     <span class='ocr_line' id='line_1_20' title="bbox 588 3525 2083 3603; baseline 0 -1"><span class='ocrx_word' id='word_1_158' title='bbox 588 3528 721 3603; x_wconf 79' lang='lat' dir='ltr'>cubilia</span> <span class='ocrx_word' id='word_1_159' title='bbox 747 3539 792 3602; x_wconf 82' lang='lat' dir='ltr'>ut</span> <span class='ocrx_word' id='word_1_160' title='bbox 813 3527 961 3602; x_wconf 78' lang='lat' dir='ltr'>albulus</span> <span class='ocrx_word' id='word_1_161' title='bbox 984 3526 1171 3600; x_wconf 83' lang='lat' dir='ltr'>columbus</span> <span class='ocrx_word' id='word_1_162' title='bbox 1194 3536 1265 3600; x_wconf 84' lang='lat' dir='ltr'>aut</span> <span class='ocrx_word' id='word_1_163' title='bbox 1287 3526 1477 3600; x_wconf 75' lang='lat' dir='ltr'>Adoneus.</span> <span class='ocrx_word' id='word_1_164' title='bbox 1517 3527 1624 3601; x_wconf 91' lang='lat' dir='ltr'>cuius</span> <span class='ocrx_word' id='word_1_165' title='bbox 1649 3525 1881 3601; x_wconf 91' lang='lat' dir='ltr'>celeberrimi</span> <span class='ocrx_word' id='word_1_166' title='bbox 1907 3529 2083 3603; x_wconf 89' lang='lat' dir='ltr'>carminis</span> 
     </span>
     <span class='ocr_line' id='line_1_21' title="bbox 587 3649 2082 3751; baseline 0.001 -24"><span class='ocrx_word' id='word_1_167' title='bbox 587 3652 790 3727; x_wconf 88' lang='lat' dir='ltr'>Catulliani</span> <span class='ocrx_word' id='word_1_168' title='bbox 815 3651 905 3727; x_wconf 91' lang='lat' dir='ltr'>alibi</span> <span class='ocrx_word' id='word_1_169' title='bbox 931 3677 1083 3751; x_wconf 91' lang='lat' dir='ltr'>quoque</span> <span class='ocrx_word' id='word_1_170' title='bbox 1108 3667 1242 3749; x_wconf 88' lang='lat' dir='ltr'>aperte</span> <span class='ocrx_word' id='word_1_171' title='bbox 1267 3676 1413 3724; x_wconf 92' lang='lat' dir='ltr'>memor</span> <span class='ocrx_word' id='word_1_172' title='bbox 1436 3668 1496 3725; x_wconf 90' lang='lat' dir='ltr'>est</span> <span class='ocrx_word' id='word_1_173' title='bbox 1510 3649 1702 3725; x_wconf 88' lang='lat' dir='ltr'>Horatius.</span> <span class='ocrx_word' id='word_1_174' title='bbox 1731 3654 1937 3726; x_wconf 91' lang='lat' dir='ltr'>uocabatur</span> <span class='ocrx_word' id='word_1_175' title='bbox 1954 3670 2082 3729; x_wconf 90' lang='lat' dir='ltr'>autem</span> 
     </span>
     <span class='ocr_line' id='line_1_22' title="bbox 586 3773 2083 3874; baseline 0.001 -23"><span class='ocrx_word' id='word_1_176' title='bbox 586 3778 735 3852; x_wconf 81' lang='lat' dir='ltr'>Adom&#39;s</span> <span class='ocrx_word' id='word_1_177' title='bbox 772 3778 854 3850; x_wconf 91' lang='lat' dir='ltr'>siue</span> <span class='ocrx_word' id='word_1_178' title='bbox 881 3773 1070 3851; x_wconf 68' lang='lat' dir='ltr'>&#39;Adoneus</span> <span class='ocrx_word' id='word_1_179' title='bbox 1108 3775 1139 3851; x_wconf 91' lang='lat' dir='ltr'>is</span> <span class='ocrx_word' id='word_1_180' title='bbox 1176 3775 1240 3873; x_wconf 94' lang='lat' dir='ltr'>qui</span> <span class='ocrx_word' id='word_1_181' title='bbox 1278 3793 1318 3850; x_wconf 91' lang='lat' dir='ltr'>et</span> <span class='ocrx_word' id='word_1_182' title='bbox 1356 3791 1489 3873; x_wconf 88' lang='lat' dir='ltr'>gratus</span> <span class='ocrx_word' id='word_1_183' title='bbox 1524 3793 1779 3874; x_wconf 88' lang='lat' dir='ltr'>acceptusque</span> <span class='ocrx_word' id='word_1_184' title='bbox 1818 3794 1900 3852; x_wconf 88' lang='lat' dir='ltr'>erat</span> <span class='ocrx_word' id='word_1_185' title='bbox 1934 3778 2083 3854; x_wconf 86' lang='lat' dir='ltr'>feminis</span> 
     </span>
     <span class='ocr_line' id='line_1_23' title="bbox 587 3901 2084 4002; baseline 0.003 -27"><span class='ocrx_word' id='word_1_186' title='bbox 587 3919 723 4001; x_wconf 91' lang='lat' dir='ltr'>utpote</span> <span class='ocrx_word' id='word_1_187' title='bbox 737 3902 899 3975; x_wconf 91' lang='lat' dir='ltr'>Veneris</span> <span class='ocrx_word' id='word_1_188' title='bbox 929 3901 1071 3974; x_wconf 88' lang='lat' dir='ltr'>amicus</span> <span class='ocrx_word' id='word_1_189' title='bbox 1097 3917 1137 3975; x_wconf 91' lang='lat' dir='ltr'>et</span> <span class='ocrx_word' id='word_1_190' title='bbox 1162 3926 1231 3974; x_wconf 88' lang='lat' dir='ltr'>sua</span> <span class='ocrx_word' id='word_1_191' title='bbox 1244 3901 1326 3975; x_wconf 88' lang='lat' dir='ltr'>uice</span> <span class='ocrx_word' id='word_1_192' title='bbox 1339 3901 1497 3976; x_wconf 87' lang='lat' dir='ltr'>feminas</span> <span class='ocrx_word' id='word_1_193' title='bbox 1510 3902 1663 3976; x_wconf 91' lang='lat' dir='ltr'>amabat</span> <span class='ocrx_word' id='word_1_194' title='bbox 1677 3904 1979 4001; x_wconf 90' lang='lat' dir='ltr'>sectabaturque.</span> <span class='ocrx_word' id='word_1_195' title='bbox 2007 3930 2084 4002; x_wconf 88' lang='lat' dir='ltr'>qua</span> 
     </span>
     <span class='ocr_line' id='line_1_24' title="bbox 587 4025 2082 4128; baseline 0.002 -28"><span class='ocrx_word' id='word_1_196' title='bbox 587 4025 726 4124; x_wconf 90' lang='lat' dir='ltr'>duplici</span> <span class='ocrx_word' id='word_1_197' title='bbox 762 4026 923 4100; x_wconf 89' lang='lat' dir='ltr'>nominis</span> <span class='ocrx_word' id='word_1_198' title='bbox 958 4025 1114 4099; x_wconf 90' lang='lat' dir='ltr'>notione</span> <span class='ocrx_word' id='word_1_199' title='bbox 1147 4027 1246 4100; x_wconf 93' lang='lat' dir='ltr'>bene</span> <span class='ocrx_word' id='word_1_200' title='bbox 1272 4026 1346 4100; x_wconf 92' lang='lat' dir='ltr'>iam</span> <span class='ocrx_word' id='word_1_201' title='bbox 1372 4043 1411 4100; x_wconf 94' lang='lat' dir='ltr'>et</span> <span class='ocrx_word' id='word_1_202' title='bbox 1437 4025 1527 4100; x_wconf 94' lang='lat' dir='ltr'>illud</span> <span class='ocrx_word' id='word_1_203' title='bbox 1552 4027 1640 4100; x_wconf 82' lang='lat' dir='ltr'>olim</span> <span class='ocrx_word' id='word_1_204' title='bbox 1660 4037 1803 4125; x_wconf 77' lang='lat' dir='ltr'>gratus</span> <span class='ocrx_word' id='word_1_205' title='bbox 1827 4053 1934 4102; x_wconf 81' lang='lat' dir='ltr'>eram</span> <span class='ocrx_word' id='word_1_206' title='bbox 1960 4030 2082 4128; x_wconf 89' lang='lat' dir='ltr'>desig-</span> 
     </span>
     <span class='ocr_line' id='line_1_25' title="bbox 587 4149 2081 4248; baseline 0.003 -24"><span class='ocrx_word' id='word_1_207' title='bbox 587 4168 700 4225; x_wconf 92' lang='lat' dir='ltr'>natur</span> <span class='ocrx_word' id='word_1_208' title='bbox 733 4166 773 4223; x_wconf 90' lang='lat' dir='ltr'>et</span> <span class='ocrx_word' id='word_1_209' title='bbox 808 4176 854 4225; x_wconf 91' lang='lat' dir='ltr'>ea</span> <span class='ocrx_word' id='word_1_210' title='bbox 887 4175 985 4247; x_wconf 88' lang='lat' dir='ltr'>quae</span> <span class='ocrx_word' id='word_1_211' title='bbox 1011 4151 1060 4222; x_wconf 92' lang='lat' dir='ltr'>de</span> <span class='ocrx_word' id='word_1_212' title='bbox 1085 4149 1218 4224; x_wconf 88' lang='lat' dir='ltr'>militia</span> <span class='ocrx_word' id='word_1_213' title='bbox 1242 4151 1433 4248; x_wconf 90' lang='lat' dir='ltr'>armisque</span> <span class='ocrx_word' id='word_1_214' title='bbox 1457 4151 1596 4225; x_wconf 92' lang='lat' dir='ltr'>deinde</span> <span class='ocrx_word' id='word_1_215' title='bbox 1621 4151 1798 4225; x_wconf 91' lang='lat' dir='ltr'>dicuntur</span> <span class='ocrx_word' id='word_1_216' title='bbox 1823 4152 2081 4229; x_wconf 92' lang='lat' dir='ltr'>inlustrantur.</span> 
     </span>
     <span class='ocr_line' id='line_1_26' title="bbox 587 4274 2083 4375; baseline 0.002 -25"><span class='ocrx_word' id='word_1_217' title='bbox 587 4275 672 4350; x_wconf 89' lang='lat' dir='ltr'>talis</span> <span class='ocrx_word' id='word_1_218' title='bbox 707 4276 850 4374; x_wconf 92' lang='lat' dir='ltr'>quippe</span> <span class='ocrx_word' id='word_1_219' title='bbox 884 4275 1047 4348; x_wconf 91' lang='lat' dir='ltr'>hominis</span> <span class='ocrx_word' id='word_1_220' title='bbox 1083 4274 1272 4349; x_wconf 92' lang='lat' dir='ltr'>mulierosi</span> <span class='ocrx_word' id='word_1_221' title='bbox 1308 4293 1367 4349; x_wconf 91' lang='lat' dir='ltr'>est</span> <span class='ocrx_word' id='word_1_222' title='bbox 1393 4275 1493 4350; x_wconf 91' lang='lat' dir='ltr'>bella</span> <span class='ocrx_word' id='word_1_223' title='bbox 1517 4277 1656 4350; x_wconf 88' lang='lat' dir='ltr'>amoris</span> <span class='ocrx_word' id='word_1_224' title='bbox 1681 4293 1721 4349; x_wconf 89' lang='lat' dir='ltr'>et</span> <span class='ocrx_word' id='word_1_225' title='bbox 1746 4276 1876 4352; x_wconf 88' lang='lat' dir='ltr'>dedita</span> <span class='ocrx_word' id='word_1_226' title='bbox 1900 4303 2019 4375; x_wconf 87' lang='lat' dir='ltr'>opera</span> <span class='ocrx_word' id='word_1_227' title='bbox 2043 4296 2083 4354; x_wconf 91' lang='lat' dir='ltr'>et</span> 
     </span>
     <span class='ocr_line' id='line_1_27' title="bbox 586 4400 2081 4500; baseline 0.002 -26"><span class='ocrx_word' id='word_1_228' title='bbox 586 4426 671 4474; x_wconf 90' lang='lat' dir='ltr'>cum</span> <span class='ocrx_word' id='word_1_229' title='bbox 708 4415 791 4473; x_wconf 89' lang='lat' dir='ltr'>arte</span> <span class='ocrx_word' id='word_1_230' title='bbox 828 4400 993 4497; x_wconf 88' lang='lat' dir='ltr'>quadam</span> <span class='ocrx_word' id='word_1_231' title='bbox 1029 4425 1183 4498; x_wconf 90' lang='lat' dir='ltr'>gerere;</span> <span class='ocrx_word' id='word_1_232' title='bbox 1233 4400 1348 4474; x_wconf 87' lang='lat' dir='ltr'>talem</span> <span class='ocrx_word' id='word_1_233' title='bbox 1385 4402 1475 4475; x_wconf 92' lang='lat' dir='ltr'>dum</span> <span class='ocrx_word' id='word_1_234' title='bbox 1512 4427 1555 4475; x_wconf 91' lang='lat' dir='ltr'>se</span> <span class='ocrx_word' id='word_1_235' title='bbox 1593 4400 1718 4498; x_wconf 92' lang='lat' dir='ltr'>lepide</span> <span class='ocrx_word' id='word_1_236' title='bbox 1757 4401 1867 4500; x_wconf 86' lang='lat' dir='ltr'>fingit</span> <span class='ocrx_word' id='word_1_237' title='bbox 1905 4403 2081 4492; x_wconf 90' lang='lat' dir='ltr'>Flaccus,</span> 
     </span>
     <span class='ocr_line' id='line_1_28' title="bbox 586 4523 2082 4624; baseline 0.003 -26"><span class='ocrx_word' id='word_1_238' title='bbox 586 4549 739 4599; x_wconf 93' lang='lat' dir='ltr'>omnem</span> <span class='ocrx_word' id='word_1_239' title='bbox 764 4523 861 4597; x_wconf 92' lang='lat' dir='ltr'>illius</span> <span class='ocrx_word' id='word_1_240' title='bbox 886 4540 1112 4622; x_wconf 91' lang='lat' dir='ltr'>apparatum</span> <span class='ocrx_word' id='word_1_241' title='bbox 1139 4523 1312 4597; x_wconf 90' lang='lat' dir='ltr'>bellicum</span> <span class='ocrx_word' id='word_1_242' title='bbox 1338 4525 1409 4598; x_wconf 92' lang='lat' dir='ltr'>sibi</span> <span class='ocrx_word' id='word_1_243' title='bbox 1435 4525 1609 4599; x_wconf 89' lang='lat' dir='ltr'>attribuit</span> <span class='ocrx_word' id='word_1_244' title='bbox 1636 4525 1887 4624; x_wconf 89' lang='lat' dir='ltr'>uindicatque.</span> <span class='ocrx_word' id='word_1_245' title='bbox 1921 4527 2082 4602; x_wconf 88' lang='lat' dir='ltr'>alterum</span> 
     </span>
     <span class='ocr_line' id='line_1_29' title="bbox 585 4641 2083 4747; baseline 0.003 -24"><span class='ocrx_word' id='word_1_246' title='bbox 585 4666 714 4723; x_wconf 91' lang='lat' dir='ltr'>autem</span> <span class='ocrx_word' id='word_1_247' title='bbox 740 4649 896 4722; x_wconf 84' lang='lat' dir='ltr'>Adonin</span> <span class='ocrx_word' id='word_1_248' title='bbox 930 4674 1082 4745; x_wconf 90' lang='lat' dir='ltr'>semper</span> <span class='ocrx_word' id='word_1_249' title='bbox 1114 4674 1156 4722; x_wconf 92' lang='lat' dir='ltr'>se</span> <span class='ocrx_word' id='word_1_250' title='bbox 1190 4648 1305 4722; x_wconf 90' lang='lat' dir='ltr'>suisse</span> <span class='ocrx_word' id='word_1_251' title='bbox 1340 4641 1419 4746; x_wconf 52' lang='lat' dir='ltr'>qui⁴</span> <span class='ocrx_word' id='word_1_252' title='bbox 1438 4649 1641 4747; x_wconf 87' lang='lat' dir='ltr'>gloriatur,</span> <span class='ocrx_word' id='word_1_253' title='bbox 1677 4651 1708 4723; x_wconf 93' lang='lat' dir='ltr'>is</span> <span class='ocrx_word' id='word_1_254' title='bbox 1744 4650 1869 4725; x_wconf 92' lang='lat' dir='ltr'>hercle</span> <span class='ocrx_word' id='word_1_255' title='bbox 1894 4653 2083 4728; x_wconf 88' lang='lat' dir='ltr'>efficacius</span> 
     </span>
     <span class='ocr_line' id='line_1_30' title="bbox 586 4775 2083 4876; baseline 0.001 -25"><span class='ocrx_word' id='word_1_256' title='bbox 586 4776 726 4851; x_wconf 91' lang='lat' dir='ltr'>Chloes</span> <span class='ocrx_word' id='word_1_257' title='bbox 751 4775 907 4850; x_wconf 90' lang='lat' dir='ltr'>alicuius</span> <span class='ocrx_word' id='word_1_258' title='bbox 932 4775 1099 4849; x_wconf 88' lang='lat' dir='ltr'>animum</span> <span class='ocrx_word' id='word_1_259' title='bbox 1126 4791 1260 4873; x_wconf 88' lang='lat' dir='ltr'>tanget</span> <span class='ocrx_word' id='word_1_260' title='bbox 1274 4800 1387 4873; x_wconf 90' lang='lat' dir='ltr'>quam</span> <span class='ocrx_word' id='word_1_261' title='bbox 1401 4775 1465 4873; x_wconf 94' lang='lat' dir='ltr'>qui</span> <span class='ocrx_word' id='word_1_262' title='bbox 1481 4792 1703 4849; x_wconf 87' lang='lat' dir='ltr'>ueteranum</span> <span class='ocrx_word' id='word_1_263' title='bbox 1718 4776 1917 4850; x_wconf 90' lang='lat' dir='ltr'>emeritum</span> <span class='ocrx_word' id='word_1_264' title='bbox 1933 4777 2083 4876; x_wconf 88' lang='lat' dir='ltr'>iamque</span> 
     </span>
     <span class='ocr_line' id='line_1_31' title="bbox 586 4899 2081 5013; baseline 0.003 -39"><span class='ocrx_word' id='word_1_265' title='bbox 586 4901 680 4974; x_wconf 91' lang='lat' dir='ltr'>rude</span> <span class='ocrx_word' id='word_1_266' title='bbox 705 4901 923 5013; x_wconf 82' lang='lat' dir='ltr'>donandum</span> <span class='ocrx_word' id='word_1_267' title='bbox 948 4925 991 4973; x_wconf 93' lang='lat' dir='ltr'>se</span> <span class='ocrx_word' id='word_1_268' title='bbox 1015 4899 1177 4974; x_wconf 91' lang='lat' dir='ltr'>simulat.</span> <span class='ocrx_word' id='word_1_269' title='bbox 1205 4916 1324 4974; x_wconf 91' lang='lat' dir='ltr'>restat</span> <span class='ocrx_word' id='word_1_270' title='bbox 1350 4917 1392 4974; x_wconf 93' lang='lat' dir='ltr'>ut</span> <span class='ocrx_word' id='word_1_271' title='bbox 1417 4902 1466 4974; x_wconf 92' lang='lat' dir='ltr'>ad</span> <span class='ocrx_word' id='word_1_272' title='bbox 1492 4899 1583 4974; x_wconf 93' lang='lat' dir='ltr'>illud</span> <span class='ocrx_word' id='word_1_273' title='bbox 1601 4901 1690 4974; x_wconf 54' lang='lat' dir='ltr'>urici</span> <span class='ocrx_word' id='word_1_274' title='bbox 1699 4900 1879 4976; x_wconf 82' lang='lat' dir='ltr'>Adoneus</span> <span class='ocrx_word' id='word_1_275' title='bbox 1892 4903 2081 4978; x_wconf 84' lang='lat' dir='ltr'>conferam</span> 
     </span>
     <span class='ocr_line' id='line_1_32' title="bbox 585 5024 2082 5125; baseline 0.002 -26"><span class='ocrx_word' id='word_1_276' title='bbox 585 5051 696 5100; x_wconf 91' lang='lat' dir='ltr'>serm.</span> <span class='ocrx_word' id='word_1_277' title='bbox 737 5027 751 5098; x_wconf 95' lang='lat'><em>1</em></span> <span class='ocrx_word' id='word_1_278' title='bbox 782 5049 820 5111; x_wconf 92' lang='lat'>1,</span> <span class='ocrx_word' id='word_1_279' title='bbox 852 5049 914 5099; x_wconf 93' lang='lat'>101</span> <span class='ocrx_word' id='word_1_280' title='bbox 956 5025 1090 5100; x_wconf 71' lang='lat' dir='ltr'>suades</span> <span class='ocrx_word' id='word_1_281' title='bbox 1128 5035 1173 5098; x_wconf 80' lang='lat' dir='ltr'>ut</span> <span class='ocrx_word' id='word_1_282' title='bbox 1208 5025 1340 5098; x_wconf 78' lang='lat' dir='ltr'>uiuam</span> <span class='ocrx_word' id='word_1_283' title='bbox 1374 5025 1573 5113; x_wconf 77' lang='lat' dir='ltr'>Naeuius,</span> <span class='ocrx_word' id='word_1_284' title='bbox 1613 5025 1676 5098; x_wconf 92' lang='lat' dir='ltr'>ubi</span> <span class='ocrx_word' id='word_1_285' title='bbox 1711 5024 1819 5122; x_wconf 90' lang='lat' dir='ltr'>plura</span> <span class='ocrx_word' id='word_1_286' title='bbox 1853 5025 2082 5125; x_wconf 89' lang='lat' dir='ltr'>interpretes</span> 
     </span>
     <span class='ocr_line' id='line_1_33' title="bbox 586 5165 870 5249; baseline -0.011 -23"><span class='ocrx_word' id='word_1_287' title='bbox 586 5165 870 5249; x_wconf 88' lang='lat' dir='ltr'>congesserunt.</span> 
     </span>
    </p>
   </div>
   <div class='ocr_carea' id='block_1_5' title="bbox 585 5567 2081 6040">
    <p class='ocr_par' dir='ltr' id='par_1_5' title="bbox 585 5567 2081 6040">
     <span class='ocr_line' id='line_1_34' title="bbox 659 5567 2081 5662; baseline 0.001 -19"><span class='ocrx_word' id='word_1_288' title='bbox 659 5567 732 5643; x_wconf 94' lang='lat' dir='ltr'>Od.</span> <span class='ocrx_word' id='word_1_289' title='bbox 770 5567 819 5642; x_wconf 95' lang='lat' dir='ltr'>lll</span> <span class='ocrx_word' id='word_1_290' title='bbox 856 5589 901 5662; x_wconf 89' lang='lat'>27</span> <span class='ocrx_word' id='word_1_291' title='bbox 937 5567 1119 5642; x_wconf 89' lang='lat' dir='ltr'>Horatius</span> <span class='ocrx_word' id='word_1_292' title='bbox 1156 5568 1341 5643; x_wconf 91' lang='lat' dir='ltr'>Galateae</span> <span class='ocrx_word' id='word_1_293' title='bbox 1367 5569 1440 5642; x_wconf 90' lang='lat' dir='ltr'>iter</span> <span class='ocrx_word' id='word_1_294' title='bbox 1466 5569 1694 5643; x_wconf 89' lang='lat' dir='ltr'>maritimum</span> <span class='ocrx_word' id='word_1_295' title='bbox 1719 5570 1943 5645; x_wconf 88' lang='lat' dir='ltr'>dissuadens</span> <span class='ocrx_word' id='word_1_296' title='bbox 1970 5569 2081 5644; x_wconf 90' lang='lat' dir='ltr'>latius</span> 
     </span>
     <span class='ocr_line' id='line_1_35' title="bbox 585 5693 2081 5792; baseline 0.001 -26"><span class='ocrx_word' id='word_1_297' title='bbox 585 5693 624 5766; x_wconf 93' lang='lat' dir='ltr'>in</span> <span class='ocrx_word' id='word_1_298' title='bbox 651 5693 725 5766; x_wconf 88' lang='lat' dir='ltr'>line</span> <span class='ocrx_word' id='word_1_299' title='bbox 750 5709 937 5790; x_wconf 90' lang='lat' dir='ltr'>euagatur</span> <span class='ocrx_word' id='word_1_300' title='bbox 962 5695 1228 5790; x_wconf 90' lang='lat' dir='ltr'>persequendo</span> <span class='ocrx_word' id='word_1_301' title='bbox 1255 5694 1433 5792; x_wconf 89' lang='lat' dir='ltr'>Europae</span> <span class='ocrx_word' id='word_1_302' title='bbox 1458 5693 1633 5767; x_wconf 85' lang='lat' dir='ltr'>fabulam.</span> <span class='ocrx_word' id='word_1_303' title='bbox 1660 5719 1759 5792; x_wconf 89' lang='lat' dir='ltr'>quae</span> <span class='ocrx_word' id='word_1_304' title='bbox 1781 5695 1947 5768; x_wconf 88' lang='lat' dir='ltr'>narratio</span> <span class='ocrx_word' id='word_1_305' title='bbox 1960 5693 2081 5767; x_wconf 90' lang='lat' dir='ltr'>Peerl-</span> 
     </span>
     <span class='ocr_line' id='line_1_36' title="bbox 586 5817 2081 5917; baseline 0 -27"><span class='ocrx_word' id='word_1_306' title='bbox 586 5817 739 5914; x_wconf 88' lang='lat' dir='ltr'>kampio</span> <span class='ocrx_word' id='word_1_307' title='bbox 776 5818 874 5892; x_wconf 90' lang='lat' dir='ltr'>adeo</span> <span class='ocrx_word' id='word_1_308' title='bbox 904 5817 1095 5915; x_wconf 87' lang='lat' dir='ltr'>displicuit</span> <span class='ocrx_word' id='word_1_309' title='bbox 1131 5834 1173 5890; x_wconf 97' lang='lat' dir='ltr'>ut</span> <span class='ocrx_word' id='word_1_310' title='bbox 1208 5834 1331 5892; x_wconf 93' lang='lat' dir='ltr'>totum</span> <span class='ocrx_word' id='word_1_311' title='bbox 1359 5843 1526 5915; x_wconf 88' lang='lat' dir='ltr'>pannum</span> <span class='ocrx_word' id='word_1_312' title='bbox 1555 5819 1631 5916; x_wconf 84' lang='lat' dir='ltr'>(uu.</span> <span class='ocrx_word' id='word_1_313' title='bbox 1661 5821 1819 5917; x_wconf 82' lang='lat'>33-76)</span> <span class='ocrx_word' id='word_1_314' title='bbox 1847 5819 2081 5892; x_wconf 90' lang='lat' dir='ltr'>abiudicaret</span> 
     </span>
     <span class='ocr_line' id='line_1_37' title="bbox 585 5941 2079 6040; baseline -0.001 -24"><span class='ocrx_word' id='word_1_315' title='bbox 585 5957 733 6040; x_wconf 91' lang='lat' dir='ltr'>poetae.</span> <span class='ocrx_word' id='word_1_316' title='bbox 761 5959 801 6015; x_wconf 91' lang='lat' dir='ltr'>et</span> <span class='ocrx_word' id='word_1_317' title='bbox 825 5941 1034 6040; x_wconf 87' lang='lat' dir='ltr'>longiorem</span> <span class='ocrx_word' id='word_1_318' title='bbox 1061 5943 1214 6040; x_wconf 92' lang='lat' dir='ltr'>quidem</span> <span class='ocrx_word' id='word_1_319' title='bbox 1239 5943 1523 6040; x_wconf 88' lang='lat' dir='ltr'>degressionem</span> <span class='ocrx_word' id='word_1_320' title='bbox 1551 5941 1628 6016; x_wconf 91' lang='lat' dir='ltr'>uati</span> <span class='ocrx_word' id='word_1_321' title='bbox 1655 5942 1772 6039; x_wconf 87' lang='lat' dir='ltr'>lyrico</span> <span class='ocrx_word' id='word_1_322' title='bbox 1790 5943 2079 6016; x_wconf 91' lang='lat' dir='ltr'>condonandam</span> 
     </span>
    </p>
   </div>
   <div class='ocr_carea' id='block_1_6' title="bbox 0 0 2596 7396">
    <p class='ocr_par' dir='ltr' id='par_1_6' title="bbox 0 0 2596 7396">
     <span class='ocr_line' id='line_1_38' title="bbox 0 0 2596 7396; baseline 0 1"><span class='ocrx_word' id='word_1_323' title='bbox 0 0 2596 7396; x_wconf 95' lang='lat' dir='ltr'> </span> 
     </span>
    </p>
   </div>
  </div>
 </body>
</html>
