5182 7396
1231 990 1251 1058 ‘l

496 1185 677 1261 Horatius
703 1187 848 1285 relegat
874 1188 1116 1286 Agrippam?
1139 1206 1268 1262 manet
1294 1189 1386 1263 haec
1412 1189 1614 1265 difficultas
1641 1218 1894 1292 mansuraque
1918 1211 1987 1268 est.

495 1337 581 1385 nam
619 1337 666 1386 ne
701 1312 736 1384 ei
772 1313 925 1410 quidem
961 1313 1168 1401 conamini,
1209 1314 1311 1410 quod
1346 1315 1563 1411 nuperrime
1597 1316 1655 1388 uir
1687 1319 1832 1392 subacti
1864 1319 1990 1393 iudicii

494 1436 525 1508 F
529 1436 716 1509 ranciscus
751 1437 1002 1512 Buechelerus
1038 1439 1077 1511 in
1113 1455 1397 1536 programmate
1423 1439 1582 1514 hiberno
1607 1441 1864 1517 uniuersitatis
1892 1443 1988 1517 Bon-

494 1561 620 1634 nensis
657 1563 747 1635 anni
789 1565 881 1657 1878
920 1562 1095 1660 protulit,
1126 1563 1379 1661 ‘quantumuis
1412 1581 1524 1638 acuto
1559 1563 1790 1662 adplaudere
1821 1593 1986 1664 possum.

492 1684 656 1782 explicat
690 1687 790 1759 enim
827 1687 885 1760 uir
916 1687 977 1761 ille
1010 1688 1144 1761 doctus
1178 1688 1249 1762 ita:
1293 1715 1397 1761 mmo
1430 1689 1517 1762 haec
1549 1690 1662 1789 dz'gm
1695 1691 1906 1788 scripserit,
1943 1719 1989 1766 ne

490 1810 689 1884 Homerus
720 1812 867 1908 quidem
901 1813 1064 1909 optimus
1096 1791 1237 1886 heroz'tz'
1267 1813 1449 1886 carmina}
1483 1825 1632 1900 auctor,
1667 1814 1802 1887 mdum
1844 1817 1988 1891 Varius

489 1935 560 2007 elsi
573 1933 681 2035 forle
704 1945 788 2032 epos
812 1962 898 2010 acer
922 1948 967 2010 ut
990 1963 1094 2010 nemo
1118 1937 1237 2023 ducit,
1264 1938 1416 2011 minime
1439 1964 1505 2038 ego
1529 1939 1597 2036 qui
1620 1965 1665 2012 ne
1700 1939 1817 2013 Vario
1840 1941 1987 2036 quidem

489 2060 679 2134 aemultm'
701 2061 864 2157 possim,
903 2077 1090 2160 putatque
1125 2061 1198 2135 iam
1232 2088 1429 2136 censuram
1466 2064 1657 2160 quandam
1684 2061 1808 2137 Iliadis
1833 2065 1906 2162 agi.
1948 2081 1988 2139 at

489 2201 556 2257 aut
589 2210 663 2282 ego
688 2185 857 2259 caecutio
883 2203 949 2259 aut
974 2186 1045 2260 hoc
1069 2187 1118 2260 de
1145 2185 1263 2259 Vario
1287 2185 1427 2285 alioqui
1456 2187 1557 2261 bono
1583 2189 1691 2285 epico
1718 2189 1884 2286 positum
1910 2214 1986 2263 non

489 2307 696 2396 silendum,
735 2311 803 2383 sed
842 2310 968 2384 uerbis
1009 2311 1152 2407 apertis
1192 2311 1354 2384 Horatio
1395 2329 1477 2386 erat
1517 2314 1833 2411 persequendum.
1873 2339 1987 2410 porro

490 2459 627 2530 respuo
653 2435 723 2508 hoc
742 2436 1081 2509 commendationis
1093 2461 1234 2534 genus,
1262 2462 1338 2533 quo
1357 2462 1404 2509 ne
1420 2437 1577 2510 Varium
1591 2438 1745 2535 quidem
1759 2439 1987 2512 Diomedem

489 2577 528 2633 et
565 2560 796 2647 Merionem,
836 2562 906 2635 hoc
945 2579 1004 2635 est
1031 2562 1251 2659 Augustum
1290 2578 1329 2635 et
1353 2562 1569 2659 Agrippam
1605 2562 1702 2659 (siue
1727 2589 1987 2662 quoscumque

488 2684 581 2759 alios
606 2683 831 2784 intellegis),
867 2687 964 2760 iuste
991 2702 1189 2759 canturum
1216 2710 1301 2758 esse
1341 2685 1592 2760 contenditur.
1627 2687 1792 2785 denique
1819 2704 1900 2762 tota
1925 2687 1987 2762 illa

490 2809 647 2883 Homeri
681 2835 841 2884 censura
878 2810 1105 2885 otiosissima
1142 2809 1239 2883 foret
1277 2825 1394 2908 atque
1433 2811 1529 2884 adeo
1556 2837 1755 2909 peruersa,
1795 2813 1938 2911 quippe
1963 2837 1987 2886 a

488 2934 663 3008 carminis
690 2935 850 3008 materia
874 2934 1092 3008 abhorrens.
1120 2935 1191 3008 hoc
1218 2933 1335 3031 igitur
1360 2952 1617 3009 commentum
1645 2935 1783 3010 refutat
1796 2937 1985 3010 sentiendi

487 3058 727 3156 simplicitas,
768 3059 906 3134 refutat
942 3058 1075 3157 reliqui
1111 3059 1297 3156 poematis
1324 3076 1530 3156 respectus,
1570 3059 1745 3157 quocirca
1769 3060 1843 3134 iam
1869 3061 1985 3134 addu-

487 3183 606 3257 cimur
643 3209 689 3257 eo
728 3200 770 3257 ut
809 3210 869 3257 uu.
913 3189 1053 3278 13—16
1092 3200 1159 3257 aut
1192 3184 1230 3257 in
1267 3183 1421 3257 exilium
1446 3185 1653 3259 mittendos
1678 3201 1745 3258 aut
1770 3185 1986 3283 corruptela

487 3309 659 3384 laborare
684 3310 839 3384 aiamus.
873 3309 960 3383 nolo
986 3335 1085 3383 nunc
1111 3309 1252 3383 multus
1278 3335 1362 3383 esse
1388 3310 1426 3383 in
1452 3309 1702 3407 disceptanda
1727 3309 1984 3407 interpolatio·

487 3460 577 3508 num
605 3434 899 3508 Horatianarum
934 3434 1158 3532 quaestione
1186 3434 1289 3534 (nam
1315 3434 1529 3533 disceptare
1554 3433 1750 3532 incipienti
1776 3460 1911 3508 uereor
1935 3461 1984 3509 ne

486 3559 586 3633 intra
611 3559 722 3632 huius
748 3558 1077 3632 commentationis
1104 3559 1285 3632 terminos
1311 3559 1411 3633 desit
1437 3559 1558 3658 finis);
1585 3558 1754 3632 breuiter
1778 3558 1900 3633 dicam
1922 3585 1984 3634 me

485 3686 534 3758 ab
560 3710 691 3758 eorum
718 3700 827 3782 parte
851 3699 954 3757 stare
980 3683 1045 3781 qui
1070 3709 1184 3757 omne
1209 3684 1280 3758 hoc
1306 3710 1438 3758 uersus
1465 3684 1614 3782 spurios
1636 3683 1801 3758 uenandi
1815 3684 1981 3757 studium

487 3809 646 3882 reiciunt
671 3808 1013 3906 condemnantque.
1040 3807 1144 3906 quod
1169 3807 1218 3881 ad
1245 3825 1413 3882 nostram
1439 3808 1656 3906 stropham,
1682 3833 1728 3881 ea
1741 3808 1860 3881 careri
1870 3834 1982 3906 posse

486 3935 662 4007 concedo
697 3932 766 4007 sed
791 3932 1028 4031 ecquodnam
1054 3932 1275 4006 remouendi
1302 3933 1359 4005 ius
1385 3932 1472 4005 hinc
1497 3933 1747 4006 nanciscimur
1770 3949 1837 4007 aut
1862 3958 1983 4031 ecqua

485 4075 567 4131 erat
601 4082 715 4132 causa
750 4057 870 4131 ueteri
906 4083 1019 4156 quem
1054 4057 1205 4155 fingunt
1231 4055 1493 4154 interpolatori
1519 4082 1666 4130 conexu
1692 4058 1893 4155 perspicuo
1917 4057 1981 4132 ali-

486 4183 576 4282 quid
614 4183 663 4256 de
701 4207 769 4255 suo
808 4180 1046 4256 inculcandi?
1084 4206 1208 4279 apage
1247 4181 1320 4255 ista
1357 4181 1641 4280 desperantium
1680 4199 1747 4256 aut
1785 4183 1980 4280 pigrorum

484 4307 670 4381 remedia!
706 4306 915 4404 Porphyrio
948 4323 1077 4380 autem
1112 4323 1200 4403 post
1234 4307 1447 4405 expositam
1481 4332 1613 4381 uocem
1647 4307 1894 4380 adamantim
1928 4307 1982 4381 ita

484 4432 629 4530 pergit:
656 4431 836 4532 figurale
860 4442 976 4531 negat
998 4441 1162 4528 seposta
1186 4457 1248 4505 res
1273 4432 1417 4505 bellicas
1441 4431 1620 4518 scribere,
1646 4457 1782 4505 uerum
1817 4433 1980 4506 Varium

473 4557 623 4653 potius,
648 4556 717 4654 qui
739 4555 791 4630 sit
812 4555 1018 4630 Homerico
1042 4557 1193 4652 spiritu.
1220 4556 1252 4629 si
1268 4555 1450 4630 Horatius
1472 4555 1569 4629 dixit
1580 4581 1685 4630 nemo
1697 4556 1810 4655 degne
1822 4557 1981 4631 scribere

473 4690 615 4777 potest,
655 4706 732 4754 non
767 4680 878 4755 uideo
913 4706 989 4779 qua
1014 4680 1104 4754 iuris
1129 4681 1256 4778 specie
1284 4680 1447 4779 figurate
1472 4681 1521 4754 de
1546 4706 1588 4753 se
1613 4679 1759 4754 locutus
1785 4706 1870 4755 esse
1895 4707 1980 4755 cen-

481 4822 620 4880 seatur.
660 4805 735 4880 iam
774 4805 812 4879 in
852 4805 1024 4880 uersibus
1061 4806 1375 4880 antecedentibus
1412 4821 1617 4903 propterea
1654 4830 1695 4879 se
1729 4805 1872 4879 maiora
1902 4830 1979 4879 non

480 4930 608 5004 conari
634 4930 827 5028 professus
852 4947 911 5004 est
936 4931 1040 5028 quod
1066 4928 1213 5005 inbellis
1235 4929 1341 5028 lyrae
1355 4930 1467 5004 Musa
1485 4945 1607 5019 uetet;
1623 4929 1720 5004 hanc
1736 4929 1768 5004 si
1794 4929 1979 5028 imparem

480 5081 565 5130 esse
591 5055 790 5153 Agrippae
816 5055 1067 5152 Caesarisque
1092 5054 1266 5130 laudibus
1280 5080 1379 5128 nunc
1392 5053 1579 5142 ostendit,
1594 5054 1756 5152 figurate
1770 5079 1812 5128 se
1825 5080 1978 5153 quoque

480 5204 612 5277 parem
636 5205 721 5254 esse
747 5195 874 5278 negat.
903 5180 1010 5253 uides
1035 5205 1112 5278 quo
1139 5181 1306 5255 tendam.
1334 5204 1460 5280 neque
1485 5204 1559 5277 ego
1585 5178 1695 5254 aliter
1720 5178 1843 5253 locum
1869 5204 1976 5253 suam

479 5303 648 5401 recipere
685 5304 889 5379 sanitatem
927 5304 1115 5378 existumo
1153 5330 1268 5403 quam
1305 5305 1338 5379 si
1377 5332 1438 5377 uu.
1478 5309 1618 5399 13—16
1652 5304 1793 5378 artiore
1827 5303 1977 5379 uinculo

479 5427 668 5526 prioribus
692 5428 945 5516 adhaereant,
972 5428 1043 5503 hoc
1068 5427 1210 5503 scilicet
1236 5430 1369 5504 modo:
1683 5433 1687 5442 '

919 5705 927 5721 .
949 5705 956 5720 .
979 5705 986 5721 .
1009 5705 1016 5720 .
1038 5670 1139 5722 tenues
1158 5657 1298 5739 grandia,
1319 5660 1391 5720 dum
1412 5660 1509 5737 pudor

919 5757 1098 5836 Inbellisque
1117 5759 1198 5836 lyrae
1219 5759 1307 5818 Musa
1327 5767 1433 5836 potens
1452 5769 1533 5819 uetat

919 5857 1034 5918 laudes
1054 5854 1162 5935 egregii
1182 5854 1314 5917 Caesaris
1334 5865 1363 5917 et
1384 5865 1448 5916 tuas

999 5955 1095 6032 Culpa
1115 5954 1246 6016 deterere
1267 5952 1383 6032 ingeni:
