5182 7396
1223 1019 1266 1090 17

497 1219 807 1316 Prometheique,
844 1219 963 1293 Urani
997 1220 1145 1318 stirpis,
1181 1219 1375 1293 mentione
1410 1219 1509 1293 facta
1542 1219 1616 1294 iam
1650 1220 1728 1295 fere
1753 1221 1990 1319 pergendum

497 1358 598 1416 erat:
624 1343 673 1416 de
699 1344 834 1441 quouis
860 1342 933 1418 alio
959 1344 1032 1418 deo
1058 1369 1128 1441 per
1153 1369 1213 1416 me
1238 1343 1425 1441 originem
1451 1360 1613 1441 repetas.
1642 1346 1743 1419 unde
1768 1344 1873 1444 lego:

841 1523 887 1583 De
907 1541 1097 1600 quocumque
1118 1523 1200 1583 uoles
1221 1540 1365 1599 proauum
1386 1520 1441 1583 tibi
1460 1521 1569 1584 sumito
1589 1525 1670 1584 diuo.

570 1930 734 2004 Carmen
761 1930 938 2004 festiuum
965 1932 1012 2003 lll
1041 1937 1087 2004 26
1114 1949 1216 2005 recte
1242 1932 1280 2004 in
1308 1933 1524 2006 uniuersum
1548 1931 1993 2029 interpretantur:simu-

490 2054 574 2129 lare
608 2071 761 2152 poetam
795 2071 942 2128 certum
977 2056 1168 2129 amoribus
1203 2056 1438 2130 ualedicendi
1472 2056 1668 2130 consilium
1704 2081 1779 2129 non
1805 2055 1916 2130 aliam
1942 2057 1991 2130 ob

495 2205 648 2254 causam
682 2203 796 2277 quam
823 2196 865 2253 ut
891 2178 1037 2253 Chloen
1065 2198 1343 2277 repugnantem
1370 2182 1497 2255 uincat
1523 2182 1737 2279 flectatque.
1778 2182 1881 2279 quod
1906 2205 1992 2254 con·

495 2304 620 2380 silium
645 2328 722 2401 quo
748 2304 885 2378 certius
912 2330 996 2378 esse
1022 2304 1189 2379 declarat
1215 2306 1268 2380 ita
1295 2322 1336 2379 ut
1362 2307 1435 2379 iam
1463 2322 1565 2380 totus
1591 2306 1641 2378 sit
1654 2305 1692 2378 in
1706 2331 1753 2378 eo
1766 2305 1992 2404 exequendo

498 2428 556 2527 (cf.
586 2457 620 2502 u.
647 2434 670 2501 6
696 2429 857 2514 ΙιὶιΙιὶι,
884 2429 989 2502 cuius
1016 2430 1091 2502 uim
1119 2431 1282 2504 iocosam
1309 2447 1438 2504 mente
1464 2456 1540 2504 non
1565 2430 1768 2504 adsecutus
1794 2447 1853 2502 est
1871 2428 1992 2502 Peerl-

497 2553 703 2652 kampius)‚
730 2579 777 2626 eo
803 2553 944 2626 maiore
970 2580 1055 2626 cum
1080 2553 1195 2627 animi
1222 2553 1410 2628 hilaritate
1436 2555 1475 2628 in
1488 2555 1628 2628 ultimis
1646 2554 1818 2628 uersibus
1831 2553 1993 2652 legimus

496 2675 656 2751 humiles
681 2677 851 2751 eiusdem
877 2703 1010 2775 preces
1036 2678 1178 2752 Veneri
1205 2677 1371 2752 oblatas:

937 2855 1007 2916 Vixi
1027 2856 1132 2934 puellis
1151 2877 1245 2934 nuper
1266 2856 1389 2919 idoneus

937 2957 975 3016 Et
996 2955 1121 3017 militaui
1141 2974 1203 3016 non
1223 2955 1286 3017 sine
1305 2956 1414 3035 gloria3

978 3055 1068 3114 Nunc
1087 3073 1169 3114 arma
1188 3055 1420 3132 defunctumque
1439 3055 1519 3116 bello

1018 3151 1160 3212 Barbiton
1181 3151 1229 3212 hic
1250 3151 1345 3230 paries
1365 3151 1500 3226 habebit,

936 3251 1069 3310 Laeuum
1091 3249 1221 3312 marinae
1241 3251 1293 3328 qui
1313 3250 1436 3312 Veneris
1455 3251 1531 3310 latus

937 3346 1088 3408 Custodit:
1110 3347 1174 3422 hic,
1195 3347 1244 3408 hic
1265 3348 1366 3426 ponite
1386 3347 1486 3409 lucida

976 3444 1100 3506 Funalia
1120 3455 1150 3507 et
1170 3457 1270 3507 nectes
1289 3465 1461 3524 securesque

1016 3543 1170 3623 Oppositis
1190 3544 1299 3607 loribus
1319 3543 1457 3605 minaces.

937 3641 965 3701 Ο
986 3661 1063 3719 quae
1082 3643 1199 3704 beatam
1220 3641 1291 3703 diua
1310 3653 1392 3704 tenes
1411 3642 1544 3720 Cyprum
1564 3653 1594 3704 et

936 3739 1093 3817 Memphin
1112 3752 1263 3802 carentem
1284 3740 1418 3802 Sithonia
1437 3740 1522 3814 niue,

976 3836 1108 3916 Regina,
1129 3838 1248 3901 sublimi
1268 3840 1383 3918 flagello

1017 3937 1122 4016 Tange
1141 3937 1256 3998 Chloen
1276 3938 1366 4000 semel
1385 3946 1579 4015 arrogantem.

495 4095 563 4169 sed
603 4095 640 4167 in
677 4111 850 4192 apertam
891 4095 1006 4168 totius
1046 4097 1225 4193 poematii
1264 4097 1493 4169 sententiam
1533 4121 1609 4169 non
1644 4096 1807 4193 quadrat
1845 4095 1993 4169 initium

496 4219 624 4294 multis
659 4218 889 4294 celebratum
924 4220 1014 4292 uixi
1035 4221 1176 4317 puellas
1209 4231 1330 4318 nuper
1363 4221 1525 4294 adamus.
1565 4245 1653 4293 nam
1687 4245 1786 4318 quae
1821 4218 1993 4294 uocabuli

494 4344 647 4418 adoneus
672 4360 731 4417 est
756 4343 1002 4441 significatio,
1029 4344 1135 4418 facile
1161 4344 1295 4443 aliquis
1320 4345 1534 4442 suspicetur
1546 4343 1748 4417 Horatium
1767 4343 1849 4417 siue
1861 4370 1993 4418 senem

495 4468 732 4565 decrepitum
758 4467 897 4541 factum
927 4469 984 4567 (ut
1010 4494 1051 4541 re
1078 4494 1168 4542 uera
1193 4485 1423 4567 acceperunt
1449 4467 1634 4566 nonnulli)
1662 4468 1743 4541 siue
1769 4469 1993 4568 nescioquo

495 4619 585 4666 suco
611 4617 811 4666 uenenoue
837 4591 1015 4666 uirilitate
1041 4593 1231 4690 priuatum
1259 4593 1331 4666 iam
1358 4592 1533 4667 abdicare
1559 4592 1762 4666 Venerem.
1797 4593 1866 4666 sed
1892 4594 1993 4667 enim

496 4718 567 4791 hoc
606 4732 648 4790 ut
684 4742 813 4791 secum
850 4717 1015 4815 agitaret
1049 4716 1129 4804 ille,
1176 4718 1214 4790 in
1249 4743 1362 4791 causa
1395 4733 1477 4791 erat
1512 4743 1609 4790 unus
1642 4715 1820 4815 solusque
1855 4717 1994 4792 Chloes

495 4843 683 4939 superbae
708 4841 826 4915 sastus
853 4841 1039 4939 pertinax.
1078 4866 1193 4939 quam
1219 4841 1306 4915 licet
1331 4867 1355 4915 a
1380 4857 1495 4938 poeta
1520 4841 1594 4915 iam
1620 4841 1729 4914 annis
1755 4842 1993 4938 prouectiore

495 4966 711 5042 adamatam
745 4992 829 5040 esse
864 4991 1068 5062 ponamus,
1105 4966 1189 5064 quis
1225 4982 1352 5041 tamen
1388 4965 1501 5039 homo
1531 4966 1670 5039 mentis
1695 4991 1849 5064 compos
1875 4966 1914 5039 in
1939 4966 1994 5040 eis

497 5091 688 5177 uersibus,
715 5091 852 5189 quibus
878 5089 1023 5164 mollire
1049 5091 1225 5164 dominae
1251 5090 1428 5164 duritiem
1454 5091 1603 5177 studet,
1629 5089 1767 5165 aetatis
1780 5116 1871 5164 suae
1889 5091 1994 5164 inicit

496 5215 729 5290 mentionem
756 5215 881 5288 uerbis
907 5232 986 5289 tam
1013 5241 1146 5312 parum
1161 5215 1261 5313 aptis
1275 5215 1389 5314 inque
1404 5215 1520 5287 risum
1534 5213 1707 5288 facillime
1720 5213 1994 5289 deflectendis?

496 5341 587 5439 quid
613 5339 725 5413 fuerit
751 5341 824 5427 rei,
853 5356 974 5414 totum
1001 5365 1152 5413 carmen
1167 5339 1275 5413 facile
1292 5339 1435 5437 aperit:
1458 5356 1591 5436 gratus
1605 5356 1687 5413 erat
1700 5355 1814 5412 antea
1827 5338 1993 5428 feminis;

497 5490 615 5550 nunc,
655 5464 718 5537 ubi
754 5490 777 5538 a
803 5463 923 5539 Chloe
950 5464 1139 5561 repulsam
1165 5463 1270 5550 tulit,
1297 5463 1423 5537 odisse
1447 5489 1490 5536 se
1515 5480 1632 5562 atque
1657 5463 1823 5536 auersari
1850 5463 1994 5561 puellas

496 5614 629 5662 omnes
664 5588 792 5686 fingit,
831 5614 930 5662 nunc
965 5605 1158 5686 tamquam
1197 5589 1227 5661 is
1262 5589 1326 5686 qui
1362 5588 1398 5662 in
1430 5587 1550 5661 otium
1578 5588 1718 5662 recedit
1744 5587 1996 5662 instrumenta

496 5714 588 5788 artis
624 5713 769 5786 numini
804 5731 961 5787 uoturus
996 5730 1065 5787 est.
1104 5715 1172 5787 sed
1206 5713 1354 5811 gratiae
1388 5713 1493 5787 notio
1530 5711 1643 5811 plane
1677 5713 1787 5787 abest
1821 5738 1844 5786 a
1878 5714 1995 5786 uerbo

495 5838 666 5925 idoms3
702 5864 932 5936 quamquam
965 5839 1123 5912 subesse
1157 5865 1241 5912 eam
1277 5839 1426 5913 nauiter
1458 5854 1634 5913 statuunt
1671 5839 1735 5936 qui
1761 5838 1911 5936 quiduis
1935 5864 1996 5913 su-

497 5964 635 6036 mendo
661 5989 775 6061 quam
801 5964 1097 6038 demonstrando
1122 5989 1238 6061 agere
1264 5961 1419 6036 malunt.
1447 5989 1590 6062 neque,
1618 5978 1660 6036 ut
1681 5963 1752 6037 hoc
1775 5963 1933 6050 addam,
1956 5963 1994 6036 in

1845 6094 1861 6139 a
