5182 7396
1220 1015 1264 1085 31

497 1215 623 1288 nescio
656 1231 784 1288 autem
820 1239 868 1288 an
905 1214 941 1286 id
975 1215 1078 1312 quod
1115 1215 1286 1310 proxime
1324 1215 1447 1311 praeit
1474 1224 1585 1310 pacto
1612 1215 1649 1287 in
1676 1242 1789 1290 causa
1814 1216 1927 1290 suerit
1952 1232 1995 1289 ut

497 1365 565 1436 pro
590 1338 716 1440 fauor
750 1339 978 1411 scriberetur
1005 1348 1156 1434 panon
1192 1364 1423 1436 quamquam
1459 1338 1708 1412 litterularum
1735 1350 1767 1436 p
1801 1358 1840 1413 et
1856 1340 1892 1441 f
1912 1367 1994 1438 per-

496 1464 706 1537 mutatione
733 1462 824 1536 nihil
850 1479 909 1536 est
937 1463 1122 1536 usitatius.

569 1589 774 1663 Desiderat
808 1589 902 1662 haec
926 1587 1090 1684 epistula
1116 1613 1223 1660 curas
1248 1587 1412 1661 altiores.
1451 1589 1575 1686 posito
1601 1588 1637 1660 in
1666 1589 1795 1684 primis
1821 1589 1994 1662 uersibus

496 1713 577 1799 illo,
618 1714 669 1787 nil
704 1714 928 1788 admirando
955 1713 1144 1786 hominem
1173 1712 1252 1785 fieri
1279 1713 1452 1798 beatum,
1479 1713 1553 1785 iam
1581 1713 1707 1810 pergit
1734 1713 1933 1788 Horatius:
1960 1714 1992 1787 si

496 1838 555 1911 uel
584 1839 666 1936 ipsa
691 1837 783 1912 caeli
811 1837 1006 1922 miracula,
1039 1863 1137 1934 quae
1162 1836 1251 1909 olim
1280 1837 1410 1933 priscis
1437 1836 1658 1911 mortalibus
1685 1855 1866 1912 terrorem
1893 1838 1993 1910 incu-

496 1965 661 2049 tiebant,
701 1965 784 2036 sine
822 1962 1021 2035 formidine
1057 1961 1164 2033 multi
1200 1963 1351 2047 uident,
1391 1962 1582 2059 quomodo
1621 1964 1776 2034 tandem
1815 1987 1860 2035 ea
1894 1988 1992 2060 quae

496 2087 611 2185 uulgo
638 2088 809 2161 homines
836 2086 1028 2160 delectant
1053 2102 1143 2158 sunt
1168 2085 1405 2182 spectanda?
1433 2112 1544 2182 pares
1569 2102 1658 2159 sunt
1684 2104 1723 2159 et
1749 2086 1992 2184 quieacupit

495 2230 535 2284 et
570 2213 635 2310 qui
670 2213 724 2286 eis
758 2213 920 2285 aduersa
955 2211 1073 2282 timet.
1117 2211 1197 2307 ipse
1232 2211 1323 2308 quin
1360 2211 1474 2284 etiam
1510 2211 1662 2307 sapiens
1698 2227 1737 2283 et
1770 2236 1934 2309 aequuS,
1961 2211 1992 2284 si

496 2338 676 2411 uirtutem
713 2337 823 2410 nimis
849 2335 993 2409 seruide
1019 2352 1058 2407 et
1085 2335 1320 2408 inmoderate
1345 2336 1514 2432 appetit,
1542 2336 1694 2409 nomine
1720 2361 1788 2409 suo
1815 2336 1993 2432 indignus

494 2479 563 2534 est.
592 2462 726 2559 quodsi
754 2461 827 2533 iam
855 2460 991 2532 acerbe
1018 2461 1070 2533 ita
1095 2460 1338 2533 continuatur
1366 2461 1590 2557 (u.17sqq.)
1618 2461 1635 2532 ι’
1658 2470 1992 2559 nunc,argentum

492 2598 529 2659 et
553 2613 725 2659 marmor
751 2595 857 2659 uetus
885 2611 1046 2681 aeraque
1070 2595 1108 2657 el
1129 2586 1405 2681 ortessuspz'ce,
1427 2611 1510 2656 cum
1520 2584 1680 2684 gemmis
1701 2585 1834 2681 Tyrios
1848 2585 1993 2657 mirare

492 2713 627 2785 colores
666 2736 766 2808 eqs.‚
809 2711 948 2782 iustum
988 2710 1086 2782 inter
1125 2709 1217 2782 haec
1256 2727 1295 2782 et
1334 2734 1380 2782 ea
1414 2734 1511 2806 quae
1547 2711 1780 2805 praecedunt
1806 2735 1990 2782 conexum

494 2836 632 2909 frustra
658 2835 894 2931 requirimus,
922 2860 1012 2906 suus
1039 2851 1098 2906 est
1125 2833 1305 2906 formulae
1330 2834 1347 2905 i
1371 2859 1469 2906 nunc
1494 2859 1646 2907 sensus:
1663 2852 1865 2931 postquam
1888 2851 1992 2906 certo

494 2960 794 3033 demonstratum
816 2966 889 3031 'est
923 2957 1065 3054 aliquid
1102 2957 1235 3031 falsum
1271 2983 1508 3055 prauumque
1542 2985 1645 3044 esse,
1686 2959 1758 3031 iam
1795 2958 1881 3032 sorti
1907 2984 1991 3030 cum

495 3085 665 3157 irrisione
700 3109 768 3179 per
804 3082 894 3155 illud
921 3083 938 3154 κ’
962 3108 1061 3154 nunc
1086 3084 1267 3155 suadetur
1294 3100 1335 3154 ut
1362 3083 1484 3178 ipsum
1511 3081 1644 3156 salsum
1670 3082 1806 3181 aliquis
1831 3082 1992 3179 amplec-

495 3225 597 3283 tatur
630 3207 859 3281 defendatue
898 3205 1088 3304 (exempla
1121 3223 1318 3280 auctorum
1351 3207 1493 3304 quique
1518 3209 1567 3280 de
1593 3233 1638 3280 eo
1665 3235 1734 3280 usu
1761 3208 1992 3304 scripserunt

494 3333 646 3432 collegit
681 3332 896 3405 Schmidius
928 3332 976 3404 ad
1003 3332 1038 3403 h.
1066 3330 1117 3428 l).
1146 3333 1253 3404 deest
1279 3348 1406 3405 autem
1434 3333 1493 3405 hic
1519 3333 1793 3406 demonstratio
1819 3332 1899 3406 illa:
1927 3358 1992 3405 cur

494 3485 715 3556 peruersum
751 3459 801 3530 sit
838 3457 941 3554 uulgi
976 3457 1142 3530 studium
1179 3458 1400 3553 neutiquam
1435 3457 1650 3554 expositum
1685 3475 1762 3543 est;
1799 3457 1870 3530 nisi
1895 3457 1991 3530 sorte

493 3610 592 3682 quae
630 3584 791 3681 scriptor
831 3610 891 3655 uu.
933 3586 1053 3676 3--16
1092 3580 1330 3655 solummodo
1365 3582 1474 3679 ponit
1508 3582 1781 3680 contenditque
1816 3581 1991 3656 Numicio

494 3735 563 3806 pro
601 3709 836 3806 argumentis
873 3707 1092 3803 accipienda
1126 3723 1225 3780 sunt.
1266 3731 1379 3804 quam
1416 3706 1742 3804 incongruentiam
1768 3732 1852 3779 cum
1879 3706 1991 3779 inter-

494 3850 622 3930 pretes
662 3834 765 3905 miris
799 3833 921 3905 modis
955 3832 1154 3904 studerent
1189 3830 1380 3926 explicare
1414 3848 1479 3903 aut
1516 3847 1721 3927 utcumque
1755 3830 1990 3904 tolerandam

494 3975 692 4055 putarent,
732 3956 964 4030 Ribbeckius
999 3981 1147 4028 summa
1181 3955 1351 4028 faciendo
1379 3955 1454 4028 ima
1479 3972 1518 4028 et
1545 3956 1698 4051 insuper
1722 3953 1868 4028 alienae
1894 3954 1990 4051 epis-

494 4082 595 4155 tulae
622 4108 749 4179 panno
775 4081 941 4179 quodam
969 4081 1111 4154 inserto
1138 4081 1278 4153 nodum
1306 4106 1382 4153 non
1396 4079 1569 4153 dissoluit
1582 4079 1649 4152 sed
1663 4079 1843 4152 dissecuit
1856 4104 1989 4176 parum

492 4207 595 4280 scite.
636 4206 822 4304 optimum
856 4223 985 4279 autem
1024 4231 1154 4278 eorum
1196 4231 1294 4302 quae
1333 4206 1542 4302 optinenda
1578 4220 1687 4277 erant
1720 4220 1989 4301 argumentum

494 4332 617 4405 inesse
644 4331 732 4403 mihi
761 4331 911 4403 uidetur
939 4330 1110 4403 uersibus
1136 4330 1385 4427 sequentibus
1413 4317 1578 4422 24—27i

813 4506 969 4585 Quidquid
988 4510 1044 4570 sub
1064 4518 1140 4569 terra
1160 4517 1219 4583 est,
1241 4506 1272 4567 in
1292 4506 1427 4585 apricum
1448 4508 1574 4585 proferet
1593 4517 1688 4583 aetas,

813 4605 951 4666 Delodiet
970 4607 1139 4682 condetque
1160 4604 1295 4666 nitentia:
1318 4625 1387 4666 cum
1409 4607 1485 4666 bene
1505 4615 1610 4666 notum

813 4703 948 4764 Porticus
966 4703 1118 4782 Agrippae
1137 4714 1168 4764 et
1187 4702 1237 4764 uia
1256 4714 1286 4764 te
1306 4703 1492 4781 conspexerit
1511 4703 1610 4782 Appi,

813 4805 860 4863 Ire
880 4813 980 4863 tamen
1000 4813 1103 4878 restat,
1125 4802 1226 4863 Numa
1245 4821 1306 4879 quo
1327 4801 1448 4863 deuenit
1467 4812 1498 4863 et
1517 4804 1629 4862 Ancus.

492 4993 539 5039 ex
574 4964 776 5063 fragilitate
814 4963 957 5061 quippe
984 4989 1108 5036 rerum
1135 4963 1383 5036 humanarum
1412 4963 1465 5035 ita
1490 4980 1532 5034 ut
1559 4961 1691 5036 melius
1718 4961 1798 5034 fieri
1824 4975 1990 5059 nequeat

492 5090 699 5169 euincitur‚
726 5089 882 5161 nimium
909 5114 1039 5161 earum
1065 5088 1280 5185 appetitum
1308 5113 1391 5160 esse
1417 5086 1588 5160 inutilem
1612 5111 1839 5183 uanumque.
1867 5086 1989 5159 ethos

492 5241 624 5287 uersus
649 5215 681 5286 si
708 5214 856 5287 traicies
881 5231 972 5286 ante
999 5240 1032 5285 u.
1066 5234 1127 5306 17,
1165 5211 1255 5285 illud
1280 5213 1339 5285 ire
1364 5223 1488 5285 lamen
1513 5222 1633 5284 restat
1656 5211 1704 5286 ab
1731 5236 1777 5284 eo
1803 5211 1905 5307 quod
1931 5225 1990 5283 est

490 5340 508 5410 i
540 5364 639 5413 nunc
675 5339 863 5435 excipitur
900 5337 1147 5435 grauissime,
1187 5362 1271 5409 curn
1310 5337 1396 5409 huic
1434 5335 1615 5410 formulae
1653 5352 1692 5408 et
1731 5360 1800 5408 sua
1837 5349 1989 5408 maneat

491 5462 717 5560 significatio
755 5480 794 5536 et
832 5463 988 5536 accedat
1027 5489 1075 5536 ex
1114 5461 1195 5558 ipsa
1229 5461 1471 5558 oppositione
1505 5485 1606 5533 noua
1641 5461 1733 5534 haec
1765 5460 1857 5532 dum
1889 5459 1989 5532 inter

492 5589 600 5660 uiuos
633 5614 681 5661 es.
722 5614 791 5661 nec
826 5588 949 5662 minus
982 5587 1152 5685 grauiter
1184 5587 1256 5660 iam
1285 5586 1455 5659 uersibus
1486 5606 1626 5679 17—23
1652 5583 1834 5658 subicitur
1859 5583 1989 5656 statim

492 5740 527 5785 u.
565 5737 610 5805 29
644 5739 781 5810 quaere
805 5712 952 5813 fugam
987 5713 1115 5785 morbi.
1156 5728 1215 5785 est
1248 5728 1377 5784 autem
1413 5712 1562 5785 morbus
1599 5709 1721 5782 nullus
1754 5707 1849 5782 alius
1874 5733 1988 5805 quam

493 5862 611 5933 praua
638 5862 762 5911 rerum
789 5837 956 5911 inanium
983 5837 1202 5922 admirati0;
1230 5836 1333 5933 quod
1360 5860 1435 5909 non
1462 5834 1695 5909 intellectum
1722 5832 1852 5907 lectori
1878 5831 1987 5906 alicui

491 5962 649 6059 antiquo
681 5962 729 6035 de
755 5963 923 6058 corporis
950 5961 1048 6035 mala
1074 5960 1291 6035 ualetudine
1316 5959 1500 6058 cogitanti
1526 5984 1640 6033 causa
1665 5975 1747 6032 erat
1773 5975 1815 6030 ut
1840 5983 1887 6031 ex
1913 5982 1987 6030 ser-
